;; -*- mode: org; mode: beancount; -*-
;; Birth: 1980-05-12
;; Dates: 2023-01-01 - 2025-05-06
;; THIS FILE HAS BEEN AUTO-GENERATED.
* Options

option "title" "Example Beancount file"
option "operating_currency" "USD"




* Commodities


1792-01-01 commodity USD
  name: "US Dollar"
  export: "CASH"

1900-01-01 commodity VMMXX
  export: "MUTF:VMMXX (MONEY:USD)"

1980-05-12 commodity VACHR
  name: "Employer Vacation Hours"
  export: "IGNORE"

1980-05-12 commodity IRAUSD
  name: "US 401k and IRA Contributions"
  export: "IGNORE"

1995-09-18 commodity VBMPX
  name: "Vanguard Total Bond Market Index Fund Institutional Plus Shares"
  export: "MUTF:VBMPX"
  price: "USD:google/MUTF:VBMPX"

2004-01-20 commodity ITOT
  name: "iShares Core S&P Total U.S. Stock Market ETF"
  export: "NYSEARCA:ITOT"
  price: "USD:google/NYSEARCA:ITOT"

2004-01-26 commodity VHT
  name: "Vanguard Health Care ETF"
  export: "NYSEARCA:VHT"
  price: "USD:google/NYSEARCA:VHT"

2004-11-01 commodity GLD
  name: "SPDR Gold Trust (ETF)"
  export: "NYSEARCA:GLD"
  price: "USD:google/NYSEARCA:GLD"

2007-07-20 commodity VEA
  name: "Vanguard FTSE Developed Markets ETF"
  export: "NYSEARCA:VEA"
  price: "USD:google/NYSEARCA:VEA"

2009-05-01 commodity RGAGX
  name: "American Funds The Growth Fund of America Class R-6"
  export: "MUTF:RGAGX"
  price: "USD:google/MUTF:RGAGX"



* Equity Accounts

1980-05-12 open Equity:Opening-Balances
1980-05-12 open Liabilities:AccountsPayable



* Banking

2023-01-01 open Assets:US:BofA
  institution: "Bank of America"
  address: "123 America Street, LargeTown, USA"
  phone: "+1.012.345.6789"
2023-01-01 open Assets:US:BofA:Checking                        USD
  account: "00234-48574897"

2023-01-01 * "Opening Balance for checking account"
  Assets:US:BofA:Checking                         3419.87 USD
  Equity:Opening-Balances                        -3419.87 USD

2023-01-02 balance Assets:US:BofA:Checking        3419.87 USD

2023-01-04 * "BANK FEES" "Monthly bank fee"
  Assets:US:BofA:Checking                           -4.00 USD
  Expenses:Financial:Fees                            4.00 USD

2023-01-04 * "RiverBank Properties" "Paying the rent"
  Assets:US:BofA:Checking                        -2400.00 USD
  Expenses:Home:Rent                              2400.00 USD

2023-01-09 * "EDISON POWER" ""
  Assets:US:BofA:Checking                          -65.00 USD
  Expenses:Home:Electricity                         65.00 USD

2023-01-19 * "Verizon Wireless" ""
  Assets:US:BofA:Checking                          -43.07 USD
  Expenses:Home:Phone                               43.07 USD

2023-01-21 * "Wine-Tarner Cable" ""
  Assets:US:BofA:Checking                          -80.16 USD
  Expenses:Home:Internet                            80.16 USD

2023-01-27 balance Assets:US:BofA:Checking        3337.10 USD

2023-02-03 * "RiverBank Properties" "Paying the rent"
  Assets:US:BofA:Checking                        -2400.00 USD
  Expenses:Home:Rent                              2400.00 USD

2023-02-04 * "BANK FEES" "Monthly bank fee"
  Assets:US:BofA:Checking                           -4.00 USD
  Expenses:Financial:Fees                            4.00 USD

2023-02-08 * "EDISON POWER" ""
  Assets:US:BofA:Checking                          -65.00 USD
  Expenses:Home:Electricity                         65.00 USD

2023-02-16 balance Assets:US:BofA:Checking        1670.22 USD

2023-02-20 * "Verizon Wireless" ""
  Assets:US:BofA:Checking                          -56.65 USD
  Expenses:Home:Phone                               56.65 USD

2023-02-23 * "Wine-Tarner Cable" ""
  Assets:US:BofA:Checking                          -80.03 USD
  Expenses:Home:Internet                            80.03 USD

2023-03-04 * "BANK FEES" "Monthly bank fee"
  Assets:US:BofA:Checking                           -4.00 USD
  Expenses:Financial:Fees                            4.00 USD

2023-03-05 * "RiverBank Properties" "Paying the rent"
  Assets:US:BofA:Checking                        -2400.00 USD
  Expenses:Home:Rent                              2400.00 USD

2023-03-08 * "EDISON POWER" ""
  Assets:US:BofA:Checking                          -65.00 USD
  Expenses:Home:Electricity                         65.00 USD

2023-03-13 balance Assets:US:BofA:Checking        1011.99 USD

2023-03-18 * "Verizon Wireless" ""
  Assets:US:BofA:Checking                          -54.46 USD
  Expenses:Home:Phone                               54.46 USD

2023-03-21 * "Wine-Tarner Cable" ""
  Assets:US:BofA:Checking                          -80.02 USD
  Expenses:Home:Internet                            80.02 USD

2023-04-04 * "BANK FEES" "Monthly bank fee"
  Assets:US:BofA:Checking                           -4.00 USD
  Expenses:Financial:Fees                            4.00 USD

2023-04-06 * "RiverBank Properties" "Paying the rent"
  Assets:US:BofA:Checking                        -2400.00 USD
  Expenses:Home:Rent                              2400.00 USD

2023-04-08 * "EDISON POWER" ""
  Assets:US:BofA:Checking                          -65.00 USD
  Expenses:Home:Electricity                         65.00 USD

2023-04-10 balance Assets:US:BofA:Checking         532.42 USD

2023-04-19 * "Verizon Wireless" ""
  Assets:US:BofA:Checking                          -56.04 USD
  Expenses:Home:Phone                               56.04 USD

2023-04-23 * "Wine-Tarner Cable" ""
  Assets:US:BofA:Checking                          -80.03 USD
  Expenses:Home:Internet                            80.03 USD

2023-04-30 balance Assets:US:BofA:Checking        3097.55 USD

2023-05-04 * "BANK FEES" "Monthly bank fee"
  Assets:US:BofA:Checking                           -4.00 USD
  Expenses:Financial:Fees                            4.00 USD

2023-05-04 * "RiverBank Properties" "Paying the rent"
  Assets:US:BofA:Checking                        -2400.00 USD
  Expenses:Home:Rent                              2400.00 USD

2023-05-08 * "EDISON POWER" ""
  Assets:US:BofA:Checking                          -65.00 USD
  Expenses:Home:Electricity                         65.00 USD

2023-05-19 * "Verizon Wireless" ""
  Assets:US:BofA:Checking                          -71.52 USD
  Expenses:Home:Phone                               71.52 USD

2023-05-23 * "Wine-Tarner Cable" ""
  Assets:US:BofA:Checking                          -80.14 USD
  Expenses:Home:Internet                            80.14 USD

2023-05-30 balance Assets:US:BofA:Checking        2549.54 USD

2023-06-03 * "RiverBank Properties" "Paying the rent"
  Assets:US:BofA:Checking                        -2400.00 USD
  Expenses:Home:Rent                              2400.00 USD

2023-06-04 * "BANK FEES" "Monthly bank fee"
  Assets:US:BofA:Checking                           -4.00 USD
  Expenses:Financial:Fees                            4.00 USD

2023-06-09 * "EDISON POWER" ""
  Assets:US:BofA:Checking                          -65.00 USD
  Expenses:Home:Electricity                         65.00 USD

2023-06-18 * "Verizon Wireless" ""
  Assets:US:BofA:Checking                          -41.15 USD
  Expenses:Home:Phone                               41.15 USD

2023-06-23 * "Wine-Tarner Cable" ""
  Assets:US:BofA:Checking                          -79.90 USD
  Expenses:Home:Internet                            79.90 USD

2023-06-26 balance Assets:US:BofA:Checking        1982.12 USD

2023-07-04 * "BANK FEES" "Monthly bank fee"
  Assets:US:BofA:Checking                           -4.00 USD
  Expenses:Financial:Fees                            4.00 USD

2023-07-06 * "RiverBank Properties" "Paying the rent"
  Assets:US:BofA:Checking                        -2400.00 USD
  Expenses:Home:Rent                              2400.00 USD

2023-07-09 * "EDISON POWER" ""
  Assets:US:BofA:Checking                          -65.00 USD
  Expenses:Home:Electricity                         65.00 USD

2023-07-20 * "Verizon Wireless" ""
  Assets:US:BofA:Checking                          -59.84 USD
  Expenses:Home:Phone                               59.84 USD

2023-07-21 balance Assets:US:BofA:Checking        1549.80 USD

2023-07-21 * "Wine-Tarner Cable" ""
  Assets:US:BofA:Checking                          -80.03 USD
  Expenses:Home:Internet                            80.03 USD

2023-08-03 * "RiverBank Properties" "Paying the rent"
  Assets:US:BofA:Checking                        -2400.00 USD
  Expenses:Home:Rent                              2400.00 USD

2023-08-04 * "BANK FEES" "Monthly bank fee"
  Assets:US:BofA:Checking                           -4.00 USD
  Expenses:Financial:Fees                            4.00 USD

2023-08-08 * "EDISON POWER" ""
  Assets:US:BofA:Checking                          -65.00 USD
  Expenses:Home:Electricity                         65.00 USD

2023-08-10 balance Assets:US:BofA:Checking         278.54 USD

2023-08-20 * "Verizon Wireless" ""
  Assets:US:BofA:Checking                          -54.44 USD
  Expenses:Home:Phone                               54.44 USD

2023-08-22 * "Wine-Tarner Cable" ""
  Assets:US:BofA:Checking                          -79.87 USD
  Expenses:Home:Internet                            79.87 USD

2023-09-01 balance Assets:US:BofA:Checking        5245.43 USD

2023-09-04 * "BANK FEES" "Monthly bank fee"
  Assets:US:BofA:Checking                           -4.00 USD
  Expenses:Financial:Fees                            4.00 USD

2023-09-06 * "RiverBank Properties" "Paying the rent"
  Assets:US:BofA:Checking                        -2400.00 USD
  Expenses:Home:Rent                              2400.00 USD

2023-09-08 * "EDISON POWER" ""
  Assets:US:BofA:Checking                          -65.00 USD
  Expenses:Home:Electricity                         65.00 USD

2023-09-15 * "Transfering accumulated savings to other account"
  Assets:US:BofA:Checking                           -3500 USD
  Assets:US:ETrade:Cash                              3500 USD

2023-09-18 * "Verizon Wireless" ""
  Assets:US:BofA:Checking                          -53.11 USD
  Expenses:Home:Phone                               53.11 USD

2023-09-22 * "Wine-Tarner Cable" ""
  Assets:US:BofA:Checking                          -80.02 USD
  Expenses:Home:Internet                            80.02 USD

2023-09-25 balance Assets:US:BofA:Checking        1182.45 USD

2023-10-03 * "RiverBank Properties" "Paying the rent"
  Assets:US:BofA:Checking                        -2400.00 USD
  Expenses:Home:Rent                              2400.00 USD

2023-10-04 * "BANK FEES" "Monthly bank fee"
  Assets:US:BofA:Checking                           -4.00 USD
  Expenses:Financial:Fees                            4.00 USD

2023-10-09 * "EDISON POWER" ""
  Assets:US:BofA:Checking                          -65.00 USD
  Expenses:Home:Electricity                         65.00 USD

2023-10-16 balance Assets:US:BofA:Checking        3234.94 USD

2023-10-20 * "Verizon Wireless" ""
  Assets:US:BofA:Checking                          -65.44 USD
  Expenses:Home:Phone                               65.44 USD

2023-10-21 * "Wine-Tarner Cable" ""
  Assets:US:BofA:Checking                          -79.97 USD
  Expenses:Home:Internet                            79.97 USD

2023-11-04 * "BANK FEES" "Monthly bank fee"
  Assets:US:BofA:Checking                           -4.00 USD
  Expenses:Financial:Fees                            4.00 USD

2023-11-06 * "RiverBank Properties" "Paying the rent"
  Assets:US:BofA:Checking                        -2400.00 USD
  Expenses:Home:Rent                              2400.00 USD

2023-11-08 * "EDISON POWER" ""
  Assets:US:BofA:Checking                          -65.00 USD
  Expenses:Home:Electricity                         65.00 USD

2023-11-10 * "Transfering accumulated savings to other account"
  Assets:US:BofA:Checking                           -4500 USD
  Assets:US:ETrade:Cash                              4500 USD

2023-11-11 balance Assets:US:BofA:Checking         510.42 USD

2023-11-19 * "Verizon Wireless" ""
  Assets:US:BofA:Checking                          -58.88 USD
  Expenses:Home:Phone                               58.88 USD

2023-11-23 * "Wine-Tarner Cable" ""
  Assets:US:BofA:Checking                          -79.97 USD
  Expenses:Home:Internet                            79.97 USD

2023-12-01 balance Assets:US:BofA:Checking        2922.17 USD

2023-12-04 * "BANK FEES" "Monthly bank fee"
  Assets:US:BofA:Checking                           -4.00 USD
  Expenses:Financial:Fees                            4.00 USD

2023-12-04 * "RiverBank Properties" "Paying the rent"
  Assets:US:BofA:Checking                        -2400.00 USD
  Expenses:Home:Rent                              2400.00 USD

2023-12-09 * "EDISON POWER" ""
  Assets:US:BofA:Checking                          -65.00 USD
  Expenses:Home:Electricity                         65.00 USD

2023-12-19 * "Verizon Wireless" ""
  Assets:US:BofA:Checking                          -76.23 USD
  Expenses:Home:Phone                               76.23 USD

2023-12-22 balance Assets:US:BofA:Checking        5160.48 USD

2023-12-23 * "Wine-Tarner Cable" ""
  Assets:US:BofA:Checking                          -80.08 USD
  Expenses:Home:Internet                            80.08 USD

2024-01-04 * "BANK FEES" "Monthly bank fee"
  Assets:US:BofA:Checking                           -4.00 USD
  Expenses:Financial:Fees                            4.00 USD

2024-01-06 * "RiverBank Properties" "Paying the rent"
  Assets:US:BofA:Checking                        -2400.00 USD
  Expenses:Home:Rent                              2400.00 USD

2024-01-09 * "EDISON POWER" ""
  Assets:US:BofA:Checking                          -65.00 USD
  Expenses:Home:Electricity                         65.00 USD

2024-01-15 balance Assets:US:BofA:Checking        3443.34 USD

2024-01-18 * "Verizon Wireless" ""
  Assets:US:BofA:Checking                          -61.78 USD
  Expenses:Home:Phone                               61.78 USD

2024-01-21 * "Wine-Tarner Cable" ""
  Assets:US:BofA:Checking                          -79.83 USD
  Expenses:Home:Internet                            79.83 USD

2024-02-04 * "BANK FEES" "Monthly bank fee"
  Assets:US:BofA:Checking                           -4.00 USD
  Expenses:Financial:Fees                            4.00 USD

2024-02-06 * "RiverBank Properties" "Paying the rent"
  Assets:US:BofA:Checking                        -2400.00 USD
  Expenses:Home:Rent                              2400.00 USD

2024-02-09 * "EDISON POWER" ""
  Assets:US:BofA:Checking                          -65.00 USD
  Expenses:Home:Electricity                         65.00 USD

2024-02-11 balance Assets:US:BofA:Checking        3004.11 USD

2024-02-18 * "Verizon Wireless" ""
  Assets:US:BofA:Checking                          -64.83 USD
  Expenses:Home:Phone                               64.83 USD

2024-02-23 * "Wine-Tarner Cable" ""
  Assets:US:BofA:Checking                          -79.99 USD
  Expenses:Home:Internet                            79.99 USD

2024-03-03 * "RiverBank Properties" "Paying the rent"
  Assets:US:BofA:Checking                        -2400.00 USD
  Expenses:Home:Rent                              2400.00 USD

2024-03-04 * "BANK FEES" "Monthly bank fee"
  Assets:US:BofA:Checking                           -4.00 USD
  Expenses:Financial:Fees                            4.00 USD

2024-03-07 balance Assets:US:BofA:Checking        3156.49 USD

2024-03-08 * "EDISON POWER" ""
  Assets:US:BofA:Checking                          -65.00 USD
  Expenses:Home:Electricity                         65.00 USD

2024-03-20 * "Verizon Wireless" ""
  Assets:US:BofA:Checking                          -64.11 USD
  Expenses:Home:Phone                               64.11 USD

2024-03-23 * "Wine-Tarner Cable" ""
  Assets:US:BofA:Checking                          -79.95 USD
  Expenses:Home:Internet                            79.95 USD

2024-04-03 balance Assets:US:BofA:Checking        4170.09 USD

2024-04-04 * "BANK FEES" "Monthly bank fee"
  Assets:US:BofA:Checking                           -4.00 USD
  Expenses:Financial:Fees                            4.00 USD

2024-04-06 * "RiverBank Properties" "Paying the rent"
  Assets:US:BofA:Checking                        -2400.00 USD
  Expenses:Home:Rent                              2400.00 USD

2024-04-09 * "EDISON POWER" ""
  Assets:US:BofA:Checking                          -65.00 USD
  Expenses:Home:Electricity                         65.00 USD

2024-04-20 * "Verizon Wireless" ""
  Assets:US:BofA:Checking                          -54.18 USD
  Expenses:Home:Phone                               54.18 USD

2024-04-21 * "Wine-Tarner Cable" ""
  Assets:US:BofA:Checking                          -80.01 USD
  Expenses:Home:Internet                            80.01 USD

2024-05-01 balance Assets:US:BofA:Checking        3619.66 USD

2024-05-04 * "BANK FEES" "Monthly bank fee"
  Assets:US:BofA:Checking                           -4.00 USD
  Expenses:Financial:Fees                            4.00 USD

2024-05-04 * "RiverBank Properties" "Paying the rent"
  Assets:US:BofA:Checking                        -2400.00 USD
  Expenses:Home:Rent                              2400.00 USD

2024-05-08 * "EDISON POWER" ""
  Assets:US:BofA:Checking                          -65.00 USD
  Expenses:Home:Electricity                         65.00 USD

2024-05-18 * "Verizon Wireless" ""
  Assets:US:BofA:Checking                          -40.41 USD
  Expenses:Home:Phone                               40.41 USD

2024-05-23 * "Wine-Tarner Cable" ""
  Assets:US:BofA:Checking                          -80.14 USD
  Expenses:Home:Internet                            80.14 USD

2024-05-29 balance Assets:US:BofA:Checking        3175.76 USD

2024-06-04 * "BANK FEES" "Monthly bank fee"
  Assets:US:BofA:Checking                           -4.00 USD
  Expenses:Financial:Fees                            4.00 USD

2024-06-04 * "RiverBank Properties" "Paying the rent"
  Assets:US:BofA:Checking                        -2400.00 USD
  Expenses:Home:Rent                              2400.00 USD

2024-06-08 * "EDISON POWER" ""
  Assets:US:BofA:Checking                          -65.00 USD
  Expenses:Home:Electricity                         65.00 USD

2024-06-20 * "Verizon Wireless" ""
  Assets:US:BofA:Checking                          -52.46 USD
  Expenses:Home:Phone                               52.46 USD

2024-06-22 * "Wine-Tarner Cable" ""
  Assets:US:BofA:Checking                          -80.03 USD
  Expenses:Home:Internet                            80.03 USD

2024-06-23 balance Assets:US:BofA:Checking        2594.60 USD

2024-07-04 * "BANK FEES" "Monthly bank fee"
  Assets:US:BofA:Checking                           -4.00 USD
  Expenses:Financial:Fees                            4.00 USD

2024-07-04 * "RiverBank Properties" "Paying the rent"
  Assets:US:BofA:Checking                        -2400.00 USD
  Expenses:Home:Rent                              2400.00 USD

2024-07-09 * "EDISON POWER" ""
  Assets:US:BofA:Checking                          -65.00 USD
  Expenses:Home:Electricity                         65.00 USD

2024-07-16 balance Assets:US:BofA:Checking         913.34 USD

2024-07-19 * "Verizon Wireless" ""
  Assets:US:BofA:Checking                          -50.37 USD
  Expenses:Home:Phone                               50.37 USD

2024-07-22 * "Wine-Tarner Cable" ""
  Assets:US:BofA:Checking                          -80.04 USD
  Expenses:Home:Internet                            80.04 USD

2024-08-03 * "RiverBank Properties" "Paying the rent"
  Assets:US:BofA:Checking                        -2400.00 USD
  Expenses:Home:Rent                              2400.00 USD

2024-08-04 * "BANK FEES" "Monthly bank fee"
  Assets:US:BofA:Checking                           -4.00 USD
  Expenses:Financial:Fees                            4.00 USD

2024-08-08 * "EDISON POWER" ""
  Assets:US:BofA:Checking                          -65.00 USD
  Expenses:Home:Electricity                         65.00 USD

2024-08-09 balance Assets:US:BofA:Checking         945.86 USD

2024-08-18 * "Verizon Wireless" ""
  Assets:US:BofA:Checking                          -60.47 USD
  Expenses:Home:Phone                               60.47 USD

2024-08-22 * "Wine-Tarner Cable" ""
  Assets:US:BofA:Checking                          -80.10 USD
  Expenses:Home:Internet                            80.10 USD

2024-08-30 balance Assets:US:BofA:Checking        5906.49 USD

2024-09-04 * "BANK FEES" "Monthly bank fee"
  Assets:US:BofA:Checking                           -4.00 USD
  Expenses:Financial:Fees                            4.00 USD

2024-09-06 * "RiverBank Properties" "Paying the rent"
  Assets:US:BofA:Checking                        -2400.00 USD
  Expenses:Home:Rent                              2400.00 USD

2024-09-08 * "EDISON POWER" ""
  Assets:US:BofA:Checking                          -65.00 USD
  Expenses:Home:Electricity                         65.00 USD

2024-09-13 * "Transfering accumulated savings to other account"
  Assets:US:BofA:Checking                           -4000 USD
  Assets:US:ETrade:Cash                              4000 USD

2024-09-18 * "Verizon Wireless" ""
  Assets:US:BofA:Checking                          -58.26 USD
  Expenses:Home:Phone                               58.26 USD

2024-09-19 balance Assets:US:BofA:Checking        1162.71 USD

2024-09-22 * "Wine-Tarner Cable" ""
  Assets:US:BofA:Checking                          -80.01 USD
  Expenses:Home:Internet                            80.01 USD

2024-10-04 * "BANK FEES" "Monthly bank fee"
  Assets:US:BofA:Checking                           -4.00 USD
  Expenses:Financial:Fees                            4.00 USD

2024-10-06 * "RiverBank Properties" "Paying the rent"
  Assets:US:BofA:Checking                        -2400.00 USD
  Expenses:Home:Rent                              2400.00 USD

2024-10-08 * "EDISON POWER" ""
  Assets:US:BofA:Checking                          -65.00 USD
  Expenses:Home:Electricity                         65.00 USD

2024-10-16 balance Assets:US:BofA:Checking        3091.02 USD

2024-10-18 * "Verizon Wireless" ""
  Assets:US:BofA:Checking                          -54.05 USD
  Expenses:Home:Phone                               54.05 USD

2024-10-21 * "Wine-Tarner Cable" ""
  Assets:US:BofA:Checking                          -79.90 USD
  Expenses:Home:Internet                            79.90 USD

2024-11-04 * "BANK FEES" "Monthly bank fee"
  Assets:US:BofA:Checking                           -4.00 USD
  Expenses:Financial:Fees                            4.00 USD

2024-11-04 * "RiverBank Properties" "Paying the rent"
  Assets:US:BofA:Checking                        -2400.00 USD
  Expenses:Home:Rent                              2400.00 USD

2024-11-08 * "EDISON POWER" ""
  Assets:US:BofA:Checking                          -65.00 USD
  Expenses:Home:Electricity                         65.00 USD

2024-11-08 * "Transfering accumulated savings to other account"
  Assets:US:BofA:Checking                           -4500 USD
  Assets:US:ETrade:Cash                              4500 USD

2024-11-11 balance Assets:US:BofA:Checking        1089.27 USD

2024-11-19 * "Verizon Wireless" ""
  Assets:US:BofA:Checking                          -61.35 USD
  Expenses:Home:Phone                               61.35 USD

2024-11-22 * "Wine-Tarner Cable" ""
  Assets:US:BofA:Checking                          -79.81 USD
  Expenses:Home:Internet                            79.81 USD

2024-12-04 * "BANK FEES" "Monthly bank fee"
  Assets:US:BofA:Checking                           -4.00 USD
  Expenses:Financial:Fees                            4.00 USD

2024-12-04 * "RiverBank Properties" "Paying the rent"
  Assets:US:BofA:Checking                        -2400.00 USD
  Expenses:Home:Rent                              2400.00 USD

2024-12-08 balance Assets:US:BofA:Checking        3229.80 USD

2024-12-09 * "EDISON POWER" ""
  Assets:US:BofA:Checking                          -65.00 USD
  Expenses:Home:Electricity                         65.00 USD

2024-12-20 * "Verizon Wireless" ""
  Assets:US:BofA:Checking                          -53.72 USD
  Expenses:Home:Phone                               53.72 USD

2024-12-23 * "Wine-Tarner Cable" ""
  Assets:US:BofA:Checking                          -80.14 USD
  Expenses:Home:Internet                            80.14 USD

2025-01-04 * "BANK FEES" "Monthly bank fee"
  Assets:US:BofA:Checking                           -4.00 USD
  Expenses:Financial:Fees                            4.00 USD

2025-01-04 * "RiverBank Properties" "Paying the rent"
  Assets:US:BofA:Checking                        -2400.00 USD
  Expenses:Home:Rent                              2400.00 USD

2025-01-06 balance Assets:US:BofA:Checking        4081.49 USD

2025-01-08 * "EDISON POWER" ""
  Assets:US:BofA:Checking                          -65.00 USD
  Expenses:Home:Electricity                         65.00 USD

2025-01-20 * "Verizon Wireless" ""
  Assets:US:BofA:Checking                          -58.01 USD
  Expenses:Home:Phone                               58.01 USD

2025-01-22 * "Wine-Tarner Cable" ""
  Assets:US:BofA:Checking                          -79.85 USD
  Expenses:Home:Internet                            79.85 USD

2025-01-26 balance Assets:US:BofA:Checking        4449.92 USD

2025-02-04 * "BANK FEES" "Monthly bank fee"
  Assets:US:BofA:Checking                           -4.00 USD
  Expenses:Financial:Fees                            4.00 USD

2025-02-04 * "RiverBank Properties" "Paying the rent"
  Assets:US:BofA:Checking                        -2400.00 USD
  Expenses:Home:Rent                              2400.00 USD

2025-02-08 * "EDISON POWER" ""
  Assets:US:BofA:Checking                          -65.00 USD
  Expenses:Home:Electricity                         65.00 USD

2025-02-19 * "Verizon Wireless" ""
  Assets:US:BofA:Checking                          -54.99 USD
  Expenses:Home:Phone                               54.99 USD

2025-02-21 * "Wine-Tarner Cable" ""
  Assets:US:BofA:Checking                          -80.04 USD
  Expenses:Home:Internet                            80.04 USD

2025-02-23 balance Assets:US:BofA:Checking        3900.42 USD

2025-03-04 * "BANK FEES" "Monthly bank fee"
  Assets:US:BofA:Checking                           -4.00 USD
  Expenses:Financial:Fees                            4.00 USD

2025-03-04 * "RiverBank Properties" "Paying the rent"
  Assets:US:BofA:Checking                        -2400.00 USD
  Expenses:Home:Rent                              2400.00 USD

2025-03-09 * "EDISON POWER" ""
  Assets:US:BofA:Checking                          -65.00 USD
  Expenses:Home:Electricity                         65.00 USD

2025-03-20 * "Verizon Wireless" ""
  Assets:US:BofA:Checking                          -73.65 USD
  Expenses:Home:Phone                               73.65 USD

2025-03-22 * "Wine-Tarner Cable" ""
  Assets:US:BofA:Checking                          -79.89 USD
  Expenses:Home:Internet                            79.89 USD

2025-03-25 balance Assets:US:BofA:Checking        3010.23 USD

2025-04-04 * "BANK FEES" "Monthly bank fee"
  Assets:US:BofA:Checking                           -4.00 USD
  Expenses:Financial:Fees                            4.00 USD

2025-04-06 * "RiverBank Properties" "Paying the rent"
  Assets:US:BofA:Checking                        -2400.00 USD
  Expenses:Home:Rent                              2400.00 USD

2025-04-08 * "EDISON POWER" ""
  Assets:US:BofA:Checking                          -65.00 USD
  Expenses:Home:Electricity                         65.00 USD

2025-04-15 balance Assets:US:BofA:Checking        2878.80 USD

2025-04-19 * "Verizon Wireless" ""
  Assets:US:BofA:Checking                          -56.99 USD
  Expenses:Home:Phone                               56.99 USD

2025-04-23 * "Wine-Tarner Cable" ""
  Assets:US:BofA:Checking                          -79.96 USD
  Expenses:Home:Internet                            79.96 USD

2025-04-25 * "Transfering accumulated savings to other account"
  Assets:US:BofA:Checking                           -3500 USD
  Assets:US:ETrade:Cash                              3500 USD

2025-05-04 * "BANK FEES" "Monthly bank fee"
  Assets:US:BofA:Checking                           -4.00 USD
  Expenses:Financial:Fees                            4.00 USD



* Credit-Cards

1980-05-12 open Liabilities:US:Chase:Slate                      USD

2023-01-02 * "Rose Flower" "Eating out with Joe"
  Liabilities:US:Chase:Slate                       -17.24 USD
  Expenses:Food:Restaurant                          17.24 USD

2023-01-04 * "Jewel of Morroco" "Eating out with Bill"
  Liabilities:US:Chase:Slate                       -48.60 USD
  Expenses:Food:Restaurant                          48.60 USD

2023-01-06 * "Good Moods Market" "Buying groceries"
  Liabilities:US:Chase:Slate                      -104.21 USD
  Expenses:Food:Groceries                          104.21 USD

2023-01-07 * "Chase:Slate" "Paying off credit card"
  Liabilities:US:Chase:Slate                       191.74 USD
  Assets:US:BofA:Checking                         -191.74 USD

2023-01-09 * "Rose Flower" "Eating out with Bill"
  Liabilities:US:Chase:Slate                       -21.69 USD
  Expenses:Food:Restaurant                          21.69 USD

2023-01-12 * "Chichipotle" "Eating out "
  Liabilities:US:Chase:Slate                       -35.76 USD
  Expenses:Food:Restaurant                          35.76 USD

2023-01-13 * "Corner Deli" "Buying groceries"
  Liabilities:US:Chase:Slate                       -75.88 USD
  Expenses:Food:Groceries                           75.88 USD

2023-01-17 * "Cafe Modagor" "Eating out with Julie"
  Liabilities:US:Chase:Slate                       -22.30 USD
  Expenses:Food:Restaurant                          22.30 USD

2023-01-21 * "Jewel of Morroco" "Eating out after work"
  Liabilities:US:Chase:Slate                       -31.60 USD
  Expenses:Food:Restaurant                          31.60 USD

2023-01-21 * "Onion Market" "Buying groceries"
  Liabilities:US:Chase:Slate                       -85.82 USD
  Expenses:Food:Groceries                           85.82 USD

2023-01-25 * "China Garden" "Eating out after work"
  Liabilities:US:Chase:Slate                       -18.26 USD
  Expenses:Food:Restaurant                          18.26 USD

2023-01-28 balance Liabilities:US:Chase:Slate     -269.62 USD

2023-01-29 * "Kin Soy" "Eating out with Joe"
  Liabilities:US:Chase:Slate                       -33.20 USD
  Expenses:Food:Restaurant                          33.20 USD

2023-01-31 * "Kin Soy" "Eating out with work buddies"
  Liabilities:US:Chase:Slate                       -15.70 USD
  Expenses:Food:Restaurant                          15.70 USD

2023-02-01 * "Onion Market" "Buying groceries"
  Liabilities:US:Chase:Slate                       -63.76 USD
  Expenses:Food:Groceries                           63.76 USD

2023-02-02 * "Metro Transport Authority" "Tram tickets"
  Liabilities:US:Chase:Slate                      -120.00 USD
  Expenses:Transport:Tram                          120.00 USD

2023-02-04 * "Uncle Boons" "Eating out alone"
  Liabilities:US:Chase:Slate                       -33.25 USD
  Expenses:Food:Restaurant                          33.25 USD

2023-02-07 * "Uncle Boons" "Eating out after work"
  Liabilities:US:Chase:Slate                       -12.95 USD
  Expenses:Food:Restaurant                          12.95 USD

2023-02-07 * "Chase:Slate" "Paying off credit card"
  Liabilities:US:Chase:Slate                       548.48 USD
  Assets:US:BofA:Checking                         -548.48 USD

2023-02-08 * "China Garden" "Eating out with work buddies"
  Liabilities:US:Chase:Slate                       -23.49 USD
  Expenses:Food:Restaurant                          23.49 USD

2023-02-10 * "Corner Deli" "Buying groceries"
  Liabilities:US:Chase:Slate                       -97.17 USD
  Expenses:Food:Groceries                           97.17 USD

2023-02-13 * "Rose Flower" "Eating out with work buddies"
  Liabilities:US:Chase:Slate                       -23.51 USD
  Expenses:Food:Restaurant                          23.51 USD

2023-02-14 * "Uncle Boons" "Eating out alone"
  Liabilities:US:Chase:Slate                       -26.60 USD
  Expenses:Food:Restaurant                          26.60 USD

2023-02-18 * "Goba Goba" "Eating out alone"
  Liabilities:US:Chase:Slate                       -29.17 USD
  Expenses:Food:Restaurant                          29.17 USD

2023-02-18 * "Corner Deli" "Buying groceries"
  Liabilities:US:Chase:Slate                       -90.38 USD
  Expenses:Food:Groceries                           90.38 USD

2023-02-20 * "Kin Soy" "Eating out after work"
  Liabilities:US:Chase:Slate                       -18.83 USD
  Expenses:Food:Restaurant                          18.83 USD

2023-02-22 balance Liabilities:US:Chase:Slate     -309.15 USD

2023-02-24 * "Cafe Modagor" "Eating out with Julie"
  Liabilities:US:Chase:Slate                       -61.29 USD
  Expenses:Food:Restaurant                          61.29 USD

2023-03-01 * "China Garden" "Eating out with Natasha"
  Liabilities:US:Chase:Slate                       -35.29 USD
  Expenses:Food:Restaurant                          35.29 USD

2023-03-01 * "Good Moods Market" "Buying groceries"
  Liabilities:US:Chase:Slate                      -102.52 USD
  Expenses:Food:Groceries                          102.52 USD

2023-03-04 * "Kin Soy" "Eating out with Joe"
  Liabilities:US:Chase:Slate                       -22.78 USD
  Expenses:Food:Restaurant                          22.78 USD

2023-03-04 * "Metro Transport Authority" "Tram tickets"
  Liabilities:US:Chase:Slate                      -120.00 USD
  Expenses:Transport:Tram                          120.00 USD

2023-03-05 * "China Garden" "Eating out with Natasha"
  Liabilities:US:Chase:Slate                       -13.79 USD
  Expenses:Food:Restaurant                          13.79 USD

2023-03-07 * "Uncle Boons" "Eating out after work"
  Liabilities:US:Chase:Slate                       -25.58 USD
  Expenses:Food:Restaurant                          25.58 USD

2023-03-09 * "Chichipotle" "Eating out with Julie"
  Liabilities:US:Chase:Slate                       -32.53 USD
  Expenses:Food:Restaurant                          32.53 USD

2023-03-11 * "Chase:Slate" "Paying off credit card"
  Liabilities:US:Chase:Slate                       753.75 USD
  Assets:US:BofA:Checking                         -753.75 USD

2023-03-14 * "Uncle Boons" "Eating out alone"
  Liabilities:US:Chase:Slate                       -30.82 USD
  Expenses:Food:Restaurant                          30.82 USD

2023-03-17 * "Uncle Boons" "Eating out alone"
  Liabilities:US:Chase:Slate                       -35.47 USD
  Expenses:Food:Restaurant                          35.47 USD

2023-03-21 balance Liabilities:US:Chase:Slate      -35.47 USD

2023-03-21 * "Onion Market" "Buying groceries"
  Liabilities:US:Chase:Slate                       -67.31 USD
  Expenses:Food:Groceries                           67.31 USD

2023-03-22 * "Chichipotle" "Eating out after work"
  Liabilities:US:Chase:Slate                       -42.26 USD
  Expenses:Food:Restaurant                          42.26 USD

2023-03-27 * "China Garden" "Eating out with Julie"
  Liabilities:US:Chase:Slate                       -21.84 USD
  Expenses:Food:Restaurant                          21.84 USD

2023-03-30 * "Cafe Modagor" "Eating out "
  Liabilities:US:Chase:Slate                       -30.13 USD
  Expenses:Food:Restaurant                          30.13 USD

2023-03-31 * "Onion Market" "Buying groceries"
  Liabilities:US:Chase:Slate                       -73.73 USD
  Expenses:Food:Groceries                           73.73 USD

2023-04-04 * "Chichipotle" "Eating out with Natasha"
  Liabilities:US:Chase:Slate                       -17.74 USD
  Expenses:Food:Restaurant                          17.74 USD

2023-04-06 * "Goba Goba" "Eating out "
  Liabilities:US:Chase:Slate                       -92.30 USD
  Expenses:Food:Restaurant                          92.30 USD

2023-04-06 * "Metro Transport Authority" "Tram tickets"
  Liabilities:US:Chase:Slate                      -120.00 USD
  Expenses:Transport:Tram                          120.00 USD

2023-04-08 * "Onion Market" "Buying groceries"
  Liabilities:US:Chase:Slate                       -76.51 USD
  Expenses:Food:Groceries                           76.51 USD

2023-04-08 * "Chase:Slate" "Paying off credit card"
  Liabilities:US:Chase:Slate                       577.29 USD
  Assets:US:BofA:Checking                         -577.29 USD

2023-04-09 * "Kin Soy" "Eating out after work"
  Liabilities:US:Chase:Slate                       -26.01 USD
  Expenses:Food:Restaurant                          26.01 USD

2023-04-13 * "Goba Goba" "Eating out with Bill"
  Liabilities:US:Chase:Slate                       -49.72 USD
  Expenses:Food:Restaurant                          49.72 USD

2023-04-14 balance Liabilities:US:Chase:Slate      -75.73 USD

2023-04-14 * "Onion Market" "Buying groceries"
  Liabilities:US:Chase:Slate                      -116.05 USD
  Expenses:Food:Groceries                          116.05 USD

2023-04-18 * "Cafe Modagor" "Eating out with Bill"
  Liabilities:US:Chase:Slate                       -68.25 USD
  Expenses:Food:Restaurant                          68.25 USD

2023-04-22 * "Jewel of Morroco" "Eating out with work buddies"
  Liabilities:US:Chase:Slate                       -36.82 USD
  Expenses:Food:Restaurant                          36.82 USD

2023-04-24 * "Chichipotle" "Eating out after work"
  Liabilities:US:Chase:Slate                       -26.90 USD
  Expenses:Food:Restaurant                          26.90 USD

2023-04-26 * "Goba Goba" "Eating out alone"
  Liabilities:US:Chase:Slate                       -19.39 USD
  Expenses:Food:Restaurant                          19.39 USD

2023-04-30 * "Kin Soy" "Eating out alone"
  Liabilities:US:Chase:Slate                       -29.80 USD
  Expenses:Food:Restaurant                          29.80 USD

2023-05-02 * "Farmer Fresh" "Buying groceries"
  Liabilities:US:Chase:Slate                       -95.86 USD
  Expenses:Food:Groceries                           95.86 USD

2023-05-05 * "Kin Soy" "Eating out with Bill"
  Liabilities:US:Chase:Slate                       -39.75 USD
  Expenses:Food:Restaurant                          39.75 USD

2023-05-08 * "Metro Transport Authority" "Tram tickets"
  Liabilities:US:Chase:Slate                      -120.00 USD
  Expenses:Transport:Tram                          120.00 USD

2023-05-08 * "Chase:Slate" "Paying off credit card"
  Liabilities:US:Chase:Slate                       628.55 USD
  Assets:US:BofA:Checking                         -628.55 USD

2023-05-10 balance Liabilities:US:Chase:Slate           0 USD

2023-05-10 * "Cafe Modagor" "Eating out with work buddies"
  Liabilities:US:Chase:Slate                       -18.83 USD
  Expenses:Food:Restaurant                          18.83 USD

2023-05-11 * "Onion Market" "Buying groceries"
  Liabilities:US:Chase:Slate                       -77.09 USD
  Expenses:Food:Groceries                           77.09 USD

2023-05-14 * "Kin Soy" "Eating out with Julie"
  Liabilities:US:Chase:Slate                       -34.85 USD
  Expenses:Food:Restaurant                          34.85 USD

2023-05-16 * "Farmer Fresh" "Buying groceries"
  Liabilities:US:Chase:Slate                       -94.82 USD
  Expenses:Food:Groceries                           94.82 USD

2023-05-17 * "Uncle Boons" "Eating out with Julie"
  Liabilities:US:Chase:Slate                       -29.20 USD
  Expenses:Food:Restaurant                          29.20 USD

2023-05-19 * "Uncle Boons" "Eating out with Joe"
  Liabilities:US:Chase:Slate                       -25.20 USD
  Expenses:Food:Restaurant                          25.20 USD

2023-05-24 * "Rose Flower" "Eating out with Julie"
  Liabilities:US:Chase:Slate                       -19.66 USD
  Expenses:Food:Restaurant                          19.66 USD

2023-05-28 * "Rose Flower" "Eating out alone"
  Liabilities:US:Chase:Slate                       -22.58 USD
  Expenses:Food:Restaurant                          22.58 USD

2023-05-30 * "Chichipotle" "Eating out with Natasha"
  Liabilities:US:Chase:Slate                       -24.95 USD
  Expenses:Food:Restaurant                          24.95 USD

2023-05-30 * "Corner Deli" "Buying groceries"
  Liabilities:US:Chase:Slate                       -91.93 USD
  Expenses:Food:Groceries                           91.93 USD

2023-06-02 * "Uncle Boons" "Eating out with Joe"
  Liabilities:US:Chase:Slate                       -25.53 USD
  Expenses:Food:Restaurant                          25.53 USD

2023-06-04 * "Metro Transport Authority" "Tram tickets"
  Liabilities:US:Chase:Slate                      -120.00 USD
  Expenses:Transport:Tram                          120.00 USD

2023-06-06 * "Rose Flower" "Eating out "
  Liabilities:US:Chase:Slate                       -37.09 USD
  Expenses:Food:Restaurant                          37.09 USD

2023-06-07 balance Liabilities:US:Chase:Slate     -621.73 USD

2023-06-09 * "Goba Goba" "Eating out with Joe"
  Liabilities:US:Chase:Slate                       -21.79 USD
  Expenses:Food:Restaurant                          21.79 USD

2023-06-11 * "Chase:Slate" "Paying off credit card"
  Liabilities:US:Chase:Slate                       678.57 USD
  Assets:US:BofA:Checking                         -678.57 USD

2023-06-14 * "Cafe Modagor" "Eating out "
  Liabilities:US:Chase:Slate                       -35.05 USD
  Expenses:Food:Restaurant                          35.05 USD

2023-06-16 * "Chichipotle" "Eating out with Julie"
  Liabilities:US:Chase:Slate                       -68.41 USD
  Expenses:Food:Restaurant                          68.41 USD

2023-06-19 * "Jewel of Morroco" "Eating out "
  Liabilities:US:Chase:Slate                       -17.74 USD
  Expenses:Food:Restaurant                          17.74 USD

2023-06-19 * "Corner Deli" "Buying groceries"
  Liabilities:US:Chase:Slate                       -59.67 USD
  Expenses:Food:Groceries                           59.67 USD

2023-06-23 * "Jewel of Morroco" "Eating out with work buddies"
  Liabilities:US:Chase:Slate                       -28.85 USD
  Expenses:Food:Restaurant                          28.85 USD

2023-06-25 * "Rose Flower" "Eating out with work buddies"
  Liabilities:US:Chase:Slate                       -21.15 USD
  Expenses:Food:Restaurant                          21.15 USD

2023-06-29 * "China Garden" "Eating out with Natasha"
  Liabilities:US:Chase:Slate                        -9.85 USD
  Expenses:Food:Restaurant                           9.85 USD

2023-06-29 * "Onion Market" "Buying groceries"
  Liabilities:US:Chase:Slate                      -108.46 USD
  Expenses:Food:Groceries                          108.46 USD

2023-06-30 * "Goba Goba" "Eating out with Bill"
  Liabilities:US:Chase:Slate                       -21.10 USD
  Expenses:Food:Restaurant                          21.10 USD

2023-07-03 * "Rose Flower" "Eating out with Natasha"
  Liabilities:US:Chase:Slate                       -27.57 USD
  Expenses:Food:Restaurant                          27.57 USD

2023-07-04 balance Liabilities:US:Chase:Slate     -362.80 USD

2023-07-04 * "Cafe Modagor" "Eating out with Julie"
  Liabilities:US:Chase:Slate                       -19.02 USD
  Expenses:Food:Restaurant                          19.02 USD

2023-07-04 * "Metro Transport Authority" "Tram tickets"
  Liabilities:US:Chase:Slate                      -120.00 USD
  Expenses:Transport:Tram                          120.00 USD

2023-07-06 * "Goba Goba" "Eating out with work buddies"
  Liabilities:US:Chase:Slate                       -55.01 USD
  Expenses:Food:Restaurant                          55.01 USD

2023-07-09 * "Chase:Slate" "Paying off credit card"
  Liabilities:US:Chase:Slate                       604.68 USD
  Assets:US:BofA:Checking                         -604.68 USD

2023-07-11 * "Kin Soy" "Eating out "
  Liabilities:US:Chase:Slate                       -47.85 USD
  Expenses:Food:Restaurant                          47.85 USD

2023-07-12 * "Uncle Boons" "Eating out with Julie"
  Liabilities:US:Chase:Slate                       -22.33 USD
  Expenses:Food:Restaurant                          22.33 USD

2023-07-13 * "Good Moods Market" "Buying groceries"
  Liabilities:US:Chase:Slate                      -142.40 USD
  Expenses:Food:Groceries                          142.40 USD

2023-07-16 * "Rose Flower" "Eating out with Joe"
  Liabilities:US:Chase:Slate                       -21.53 USD
  Expenses:Food:Restaurant                          21.53 USD

2023-07-19 * "Uncle Boons" "Eating out with work buddies"
  Liabilities:US:Chase:Slate                       -61.19 USD
  Expenses:Food:Restaurant                          61.19 USD

2023-07-20 * "Rose Flower" "Eating out "
  Liabilities:US:Chase:Slate                       -22.10 USD
  Expenses:Food:Restaurant                          22.10 USD

2023-07-22 * "Chichipotle" "Eating out with Bill"
  Liabilities:US:Chase:Slate                       -46.25 USD
  Expenses:Food:Restaurant                          46.25 USD

2023-07-24 * "China Garden" "Eating out with Natasha"
  Liabilities:US:Chase:Slate                       -24.38 USD
  Expenses:Food:Restaurant                          24.38 USD

2023-07-28 balance Liabilities:US:Chase:Slate     -340.18 USD

2023-07-28 * "Uncle Boons" "Eating out with Joe"
  Liabilities:US:Chase:Slate                       -43.00 USD
  Expenses:Food:Restaurant                          43.00 USD

2023-07-28 * "Corner Deli" "Buying groceries"
  Liabilities:US:Chase:Slate                       -95.63 USD
  Expenses:Food:Groceries                           95.63 USD

2023-07-29 * "Cafe Modagor" "Eating out with Bill"
  Liabilities:US:Chase:Slate                       -50.09 USD
  Expenses:Food:Restaurant                          50.09 USD

2023-08-01 * "Goba Goba" "Eating out with Julie"
  Liabilities:US:Chase:Slate                       -28.55 USD
  Expenses:Food:Restaurant                          28.55 USD

2023-08-01 * "Metro Transport Authority" "Tram tickets"
  Liabilities:US:Chase:Slate                      -120.00 USD
  Expenses:Transport:Tram                          120.00 USD

2023-08-02 * "China Garden" "Eating out "
  Liabilities:US:Chase:Slate                       -33.48 USD
  Expenses:Food:Restaurant                          33.48 USD

2023-08-07 * "Uncle Boons" "Eating out with Joe"
  Liabilities:US:Chase:Slate                       -20.25 USD
  Expenses:Food:Restaurant                          20.25 USD

2023-08-08 * "Chase:Slate" "Paying off credit card"
  Liabilities:US:Chase:Slate                       772.83 USD
  Assets:US:BofA:Checking                         -772.83 USD

2023-08-11 * "Kin Soy" "Eating out with Julie"
  Liabilities:US:Chase:Slate                       -41.65 USD
  Expenses:Food:Restaurant                          41.65 USD

2023-08-13 * "Corner Deli" "Buying groceries"
  Liabilities:US:Chase:Slate                       -57.55 USD
  Expenses:Food:Groceries                           57.55 USD

2023-08-15 * "Uncle Boons" "Eating out with Julie"
  Liabilities:US:Chase:Slate                       -35.58 USD
  Expenses:Food:Restaurant                          35.58 USD

2023-08-20 * "Jewel of Morroco" "Eating out alone"
  Liabilities:US:Chase:Slate                       -35.55 USD
  Expenses:Food:Restaurant                          35.55 USD

2023-08-22 * "Cafe Modagor" "Eating out with Joe"
  Liabilities:US:Chase:Slate                       -27.43 USD
  Expenses:Food:Restaurant                          27.43 USD

2023-08-24 balance Liabilities:US:Chase:Slate     -156.11 USD

2023-08-26 * "Onion Market" "Buying groceries"
  Liabilities:US:Chase:Slate                       -76.63 USD
  Expenses:Food:Groceries                           76.63 USD

2023-08-27 * "Rose Flower" "Eating out alone"
  Liabilities:US:Chase:Slate                       -40.81 USD
  Expenses:Food:Restaurant                          40.81 USD

2023-08-29 * "Kin Soy" "Eating out with Natasha"
  Liabilities:US:Chase:Slate                       -29.01 USD
  Expenses:Food:Restaurant                          29.01 USD

2023-09-01 * "Uncle Boons" "Eating out with work buddies"
  Liabilities:US:Chase:Slate                       -18.09 USD
  Expenses:Food:Restaurant                          18.09 USD

2023-09-02 * "Metro Transport Authority" "Tram tickets"
  Liabilities:US:Chase:Slate                      -120.00 USD
  Expenses:Transport:Tram                          120.00 USD

2023-09-06 * "Cafe Modagor" "Eating out "
  Liabilities:US:Chase:Slate                       -22.68 USD
  Expenses:Food:Restaurant                          22.68 USD

2023-09-08 * "Chase:Slate" "Paying off credit card"
  Liabilities:US:Chase:Slate                       511.45 USD
  Assets:US:BofA:Checking                         -511.45 USD

2023-09-10 * "Onion Market" "Buying groceries"
  Liabilities:US:Chase:Slate                       -48.12 USD
  Expenses:Food:Groceries                           48.12 USD

2023-09-11 * "Goba Goba" "Eating out with Joe"
  Liabilities:US:Chase:Slate                       -57.55 USD
  Expenses:Food:Restaurant                          57.55 USD

2023-09-15 * "Uncle Boons" "Eating out with Joe"
  Liabilities:US:Chase:Slate                       -37.68 USD
  Expenses:Food:Restaurant                          37.68 USD

2023-09-18 balance Liabilities:US:Chase:Slate      -95.23 USD

2023-09-18 * "Uncle Boons" "Eating out "
  Liabilities:US:Chase:Slate                       -24.13 USD
  Expenses:Food:Restaurant                          24.13 USD

2023-09-23 * "Jewel of Morroco" "Eating out after work"
  Liabilities:US:Chase:Slate                       -27.90 USD
  Expenses:Food:Restaurant                          27.90 USD

2023-09-23 * "Corner Deli" "Buying groceries"
  Liabilities:US:Chase:Slate                       -50.12 USD
  Expenses:Food:Groceries                           50.12 USD

2023-09-25 * "Rose Flower" "Eating out with Julie"
  Liabilities:US:Chase:Slate                       -27.37 USD
  Expenses:Food:Restaurant                          27.37 USD

2023-09-27 * "Kin Soy" "Eating out after work"
  Liabilities:US:Chase:Slate                       -22.44 USD
  Expenses:Food:Restaurant                          22.44 USD

2023-10-01 * "Kin Soy" "Eating out with Joe"
  Liabilities:US:Chase:Slate                       -25.72 USD
  Expenses:Food:Restaurant                          25.72 USD

2023-10-02 * "Chichipotle" "Eating out with Natasha"
  Liabilities:US:Chase:Slate                       -26.07 USD
  Expenses:Food:Restaurant                          26.07 USD

2023-10-03 * "Metro Transport Authority" "Tram tickets"
  Liabilities:US:Chase:Slate                      -120.00 USD
  Expenses:Transport:Tram                          120.00 USD

2023-10-04 * "Uncle Boons" "Eating out with Natasha"
  Liabilities:US:Chase:Slate                       -17.73 USD
  Expenses:Food:Restaurant                          17.73 USD

2023-10-04 * "Onion Market" "Buying groceries"
  Liabilities:US:Chase:Slate                      -102.43 USD
  Expenses:Food:Groceries                          102.43 USD

2023-10-08 * "Goba Goba" "Eating out "
  Liabilities:US:Chase:Slate                       -15.65 USD
  Expenses:Food:Restaurant                          15.65 USD

2023-10-09 * "Chase:Slate" "Paying off credit card"
  Liabilities:US:Chase:Slate                       579.71 USD
  Assets:US:BofA:Checking                         -579.71 USD

2023-10-12 * "Chichipotle" "Eating out with Julie"
  Liabilities:US:Chase:Slate                       -24.92 USD
  Expenses:Food:Restaurant                          24.92 USD

2023-10-13 * "Kin Soy" "Eating out "
  Liabilities:US:Chase:Slate                       -36.28 USD
  Expenses:Food:Restaurant                          36.28 USD

2023-10-14 * "Chichipotle" "Eating out with Julie"
  Liabilities:US:Chase:Slate                       -37.71 USD
  Expenses:Food:Restaurant                          37.71 USD

2023-10-16 balance Liabilities:US:Chase:Slate      -73.99 USD

2023-10-16 * "Cafe Modagor" "Eating out after work"
  Liabilities:US:Chase:Slate                       -21.26 USD
  Expenses:Food:Restaurant                          21.26 USD

2023-10-18 * "Chichipotle" "Eating out with work buddies"
  Liabilities:US:Chase:Slate                       -32.66 USD
  Expenses:Food:Restaurant                          32.66 USD

2023-10-20 * "Goba Goba" "Eating out with Bill"
  Liabilities:US:Chase:Slate                       -16.06 USD
  Expenses:Food:Restaurant                          16.06 USD

2023-10-22 * "Farmer Fresh" "Buying groceries"
  Liabilities:US:Chase:Slate                      -116.43 USD
  Expenses:Food:Groceries                          116.43 USD

2023-10-24 * "Rose Flower" "Eating out after work"
  Liabilities:US:Chase:Slate                       -32.80 USD
  Expenses:Food:Restaurant                          32.80 USD

2023-10-26 * "China Garden" "Eating out with work buddies"
  Liabilities:US:Chase:Slate                       -22.85 USD
  Expenses:Food:Restaurant                          22.85 USD

2023-10-28 * "Uncle Boons" "Eating out with Natasha"
  Liabilities:US:Chase:Slate                       -40.89 USD
  Expenses:Food:Restaurant                          40.89 USD

2023-11-02 * "China Garden" "Eating out alone"
  Liabilities:US:Chase:Slate                       -44.39 USD
  Expenses:Food:Restaurant                          44.39 USD

2023-11-03 * "Farmer Fresh" "Buying groceries"
  Liabilities:US:Chase:Slate                      -118.36 USD
  Expenses:Food:Groceries                          118.36 USD

2023-11-03 * "Metro Transport Authority" "Tram tickets"
  Liabilities:US:Chase:Slate                      -120.00 USD
  Expenses:Transport:Tram                          120.00 USD

2023-11-05 * "Rose Flower" "Eating out after work"
  Liabilities:US:Chase:Slate                       -18.56 USD
  Expenses:Food:Restaurant                          18.56 USD

2023-11-07 * "Cafe Modagor" "Eating out alone"
  Liabilities:US:Chase:Slate                       -53.06 USD
  Expenses:Food:Restaurant                          53.06 USD

2023-11-07 * "Chase:Slate" "Paying off credit card"
  Liabilities:US:Chase:Slate                       711.31 USD
  Assets:US:BofA:Checking                         -711.31 USD

2023-11-09 * "China Garden" "Eating out with work buddies"
  Liabilities:US:Chase:Slate                       -49.96 USD
  Expenses:Food:Restaurant                          49.96 USD

2023-11-14 * "Rose Flower" "Eating out with Bill"
  Liabilities:US:Chase:Slate                       -39.31 USD
  Expenses:Food:Restaurant                          39.31 USD

2023-11-14 * "Onion Market" "Buying groceries"
  Liabilities:US:Chase:Slate                      -110.10 USD
  Expenses:Food:Groceries                          110.10 USD

2023-11-15 balance Liabilities:US:Chase:Slate     -199.37 USD

2023-11-18 * "China Garden" "Eating out with Natasha"
  Liabilities:US:Chase:Slate                       -27.70 USD
  Expenses:Food:Restaurant                          27.70 USD

2023-11-23 * "Uncle Boons" "Eating out after work"
  Liabilities:US:Chase:Slate                       -54.64 USD
  Expenses:Food:Restaurant                          54.64 USD

2023-11-24 * "Goba Goba" "Eating out with Bill"
  Liabilities:US:Chase:Slate                       -18.32 USD
  Expenses:Food:Restaurant                          18.32 USD

2023-11-25 * "Onion Market" "Buying groceries"
  Liabilities:US:Chase:Slate                       -76.82 USD
  Expenses:Food:Groceries                           76.82 USD

2023-11-26 * "Uncle Boons" "Eating out with Joe"
  Liabilities:US:Chase:Slate                       -51.29 USD
  Expenses:Food:Restaurant                          51.29 USD

2023-11-27 * "Chichipotle" "Eating out with Bill"
  Liabilities:US:Chase:Slate                       -22.82 USD
  Expenses:Food:Restaurant                          22.82 USD

2023-11-28 event "location" "New York"

2023-11-29 * "Uncle Boons" "" #trip-new-york-2023
  Liabilities:US:Chase:Slate                       -35.47 USD
  Expenses:Food:Restaurant                          35.47 USD

2023-11-29 * "Cafe Select" "" #trip-new-york-2023
  Liabilities:US:Chase:Slate                       -34.05 USD
  Expenses:Food:Restaurant                          34.05 USD

2023-11-29 * "Takahachi" "" #trip-new-york-2023
  Liabilities:US:Chase:Slate                       -42.93 USD
  Expenses:Food:Restaurant                          42.93 USD

2023-11-30 * "La Colombe" "" #trip-new-york-2023
  Liabilities:US:Chase:Slate                        -4.19 USD
  Expenses:Food:Coffee                               4.19 USD

2023-12-01 * "Takahachi" "" #trip-new-york-2023
  Liabilities:US:Chase:Slate                       -47.99 USD
  Expenses:Food:Restaurant                          47.99 USD

2023-12-02 * "Takahachi" "" #trip-new-york-2023
  Liabilities:US:Chase:Slate                       -44.77 USD
  Expenses:Food:Restaurant                          44.77 USD

2023-12-02 * "La Colombe" "" #trip-new-york-2023
  Liabilities:US:Chase:Slate                        -6.57 USD
  Expenses:Food:Coffee                               6.57 USD

2023-12-03 * "Cafe Select" "" #trip-new-york-2023
  Liabilities:US:Chase:Slate                       -37.35 USD
  Expenses:Food:Restaurant                          37.35 USD

2023-12-03 * "Takahachi" "" #trip-new-york-2023
  Liabilities:US:Chase:Slate                       -54.66 USD
  Expenses:Food:Restaurant                          54.66 USD

2023-12-03 * "La Colombe" "" #trip-new-york-2023
  Liabilities:US:Chase:Slate                        -5.75 USD
  Expenses:Food:Coffee                               5.75 USD

2023-12-05 * "Cafe Select" "" #trip-new-york-2023
  Liabilities:US:Chase:Slate                       -28.53 USD
  Expenses:Food:Restaurant                          28.53 USD

2023-12-05 * "Gimme! Coffee" "" #trip-new-york-2023
  Liabilities:US:Chase:Slate                        -7.38 USD
  Expenses:Food:Coffee                               7.38 USD

2023-12-06 balance Liabilities:US:Chase:Slate     -800.60 USD

2023-12-06 * "La Colombe" "" #trip-new-york-2023
  Liabilities:US:Chase:Slate                        -6.02 USD
  Expenses:Food:Coffee                               6.02 USD

2023-12-07 * "La Colombe" "" #trip-new-york-2023
  Liabilities:US:Chase:Slate                        -7.23 USD
  Expenses:Food:Coffee                               7.23 USD

2023-12-07 * "Gimme! Coffee" "" #trip-new-york-2023
  Liabilities:US:Chase:Slate                        -5.56 USD
  Expenses:Food:Coffee                               5.56 USD

2023-12-08 * "Uncle Boons" "" #trip-new-york-2023
  Liabilities:US:Chase:Slate                       -46.91 USD
  Expenses:Food:Restaurant                          46.91 USD

2023-12-08 * "Cafe Select" "" #trip-new-york-2023
  Liabilities:US:Chase:Slate                       -27.89 USD
  Expenses:Food:Restaurant                          27.89 USD

2023-12-08 * "La Colombe" "" #trip-new-york-2023
  Liabilities:US:Chase:Slate                        -5.55 USD
  Expenses:Food:Coffee                               5.55 USD

2023-12-08 * "Consume vacation days"
  Assets:US:Babble:Vacation                           -80 VACHR
  Expenses:Vacation                                    80 VACHR

2023-12-08 event "location" "New Metropolis"

2023-12-09 * "Rose Flower" "Eating out with Julie"
  Liabilities:US:Chase:Slate                       -29.93 USD
  Expenses:Food:Restaurant                          29.93 USD

2023-12-09 * "Farmer Fresh" "Buying groceries"
  Liabilities:US:Chase:Slate                      -137.71 USD
  Expenses:Food:Groceries                          137.71 USD

2023-12-11 * "Uncle Boons" "Eating out with work buddies"
  Liabilities:US:Chase:Slate                       -19.06 USD
  Expenses:Food:Restaurant                          19.06 USD

2023-12-11 * "Chase:Slate" "Paying off credit card"
  Liabilities:US:Chase:Slate                       637.66 USD
  Assets:US:BofA:Checking                         -637.66 USD

2023-12-16 * "Kin Soy" "Eating out with Joe"
  Liabilities:US:Chase:Slate                       -18.40 USD
  Expenses:Food:Restaurant                          18.40 USD

2023-12-18 * "Rose Flower" "Eating out with Joe"
  Liabilities:US:Chase:Slate                       -34.52 USD
  Expenses:Food:Restaurant                          34.52 USD

2023-12-21 * "Cafe Modagor" "Eating out with work buddies"
  Liabilities:US:Chase:Slate                       -20.01 USD
  Expenses:Food:Restaurant                          20.01 USD

2023-12-24 * "Cafe Modagor" "Eating out with Joe"
  Liabilities:US:Chase:Slate                       -10.69 USD
  Expenses:Food:Restaurant                          10.69 USD

2023-12-25 * "Onion Market" "Buying groceries"
  Liabilities:US:Chase:Slate                       -59.97 USD
  Expenses:Food:Groceries                           59.97 USD

2023-12-26 balance Liabilities:US:Chase:Slate     -592.39 USD

2023-12-26 * "Cafe Modagor" "Eating out with Julie"
  Liabilities:US:Chase:Slate                       -16.50 USD
  Expenses:Food:Restaurant                          16.50 USD

2023-12-27 * "Rose Flower" "Eating out with work buddies"
  Liabilities:US:Chase:Slate                       -17.40 USD
  Expenses:Food:Restaurant                          17.40 USD

2023-12-29 * "Chichipotle" "Eating out with work buddies"
  Liabilities:US:Chase:Slate                       -37.21 USD
  Expenses:Food:Restaurant                          37.21 USD

2024-01-01 * "Kin Soy" "Eating out alone"
  Liabilities:US:Chase:Slate                       -19.24 USD
  Expenses:Food:Restaurant                          19.24 USD

2024-01-01 * "Metro Transport Authority" "Tram tickets"
  Liabilities:US:Chase:Slate                      -120.00 USD
  Expenses:Transport:Tram                          120.00 USD

2024-01-05 * "Good Moods Market" "Buying groceries"
  Liabilities:US:Chase:Slate                       -97.82 USD
  Expenses:Food:Groceries                           97.82 USD

2024-01-06 * "Jewel of Morroco" "Eating out "
  Liabilities:US:Chase:Slate                       -36.85 USD
  Expenses:Food:Restaurant                          36.85 USD

2024-01-09 * "Uncle Boons" "Eating out with Bill"
  Liabilities:US:Chase:Slate                       -30.05 USD
  Expenses:Food:Restaurant                          30.05 USD

2024-01-09 * "Chase:Slate" "Paying off credit card"
  Liabilities:US:Chase:Slate                       518.66 USD
  Assets:US:BofA:Checking                         -518.66 USD

2024-01-12 * "Chichipotle" "Eating out with Natasha"
  Liabilities:US:Chase:Slate                       -89.93 USD
  Expenses:Food:Restaurant                          89.93 USD

2024-01-14 * "Jewel of Morroco" "Eating out with Natasha"
  Liabilities:US:Chase:Slate                       -27.73 USD
  Expenses:Food:Restaurant                          27.73 USD

2024-01-17 * "China Garden" "Eating out with Natasha"
  Liabilities:US:Chase:Slate                       -22.91 USD
  Expenses:Food:Restaurant                          22.91 USD

2024-01-18 * "China Garden" "Eating out with work buddies"
  Liabilities:US:Chase:Slate                       -19.20 USD
  Expenses:Food:Restaurant                          19.20 USD

2024-01-21 * "Goba Goba" "Eating out after work"
  Liabilities:US:Chase:Slate                       -26.84 USD
  Expenses:Food:Restaurant                          26.84 USD

2024-01-22 balance Liabilities:US:Chase:Slate     -635.41 USD

2024-01-22 * "Onion Market" "Buying groceries"
  Liabilities:US:Chase:Slate                       -52.45 USD
  Expenses:Food:Groceries                           52.45 USD

2024-01-23 * "Chichipotle" "Eating out "
  Liabilities:US:Chase:Slate                       -39.91 USD
  Expenses:Food:Restaurant                          39.91 USD

2024-01-28 * "Chichipotle" "Eating out "
  Liabilities:US:Chase:Slate                       -29.99 USD
  Expenses:Food:Restaurant                          29.99 USD

2024-01-30 * "Rose Flower" "Eating out with Joe"
  Liabilities:US:Chase:Slate                       -39.64 USD
  Expenses:Food:Restaurant                          39.64 USD

2024-01-31 * "Metro Transport Authority" "Tram tickets"
  Liabilities:US:Chase:Slate                      -120.00 USD
  Expenses:Transport:Tram                          120.00 USD

2024-02-04 * "Goba Goba" "Eating out "
  Liabilities:US:Chase:Slate                       -26.37 USD
  Expenses:Food:Restaurant                          26.37 USD

2024-02-07 * "Chase:Slate" "Paying off credit card"
  Liabilities:US:Chase:Slate                       529.82 USD
  Assets:US:BofA:Checking                         -529.82 USD

2024-02-09 * "Rose Flower" "Eating out with Julie"
  Liabilities:US:Chase:Slate                       -34.85 USD
  Expenses:Food:Restaurant                          34.85 USD

2024-02-11 * "Farmer Fresh" "Buying groceries"
  Liabilities:US:Chase:Slate                       -90.60 USD
  Expenses:Food:Groceries                           90.60 USD

2024-02-14 * "Jewel of Morroco" "Eating out alone"
  Liabilities:US:Chase:Slate                       -59.11 USD
  Expenses:Food:Restaurant                          59.11 USD

2024-02-16 * "Uncle Boons" "Eating out with Natasha"
  Liabilities:US:Chase:Slate                       -24.76 USD
  Expenses:Food:Restaurant                          24.76 USD

2024-02-17 * "Onion Market" "Buying groceries"
  Liabilities:US:Chase:Slate                       -67.49 USD
  Expenses:Food:Groceries                           67.49 USD

2024-02-18 balance Liabilities:US:Chase:Slate     -690.76 USD

2024-02-18 * "China Garden" "Eating out with Joe"
  Liabilities:US:Chase:Slate                       -26.26 USD
  Expenses:Food:Restaurant                          26.26 USD

2024-02-20 * "Kin Soy" "Eating out with work buddies"
  Liabilities:US:Chase:Slate                       -30.42 USD
  Expenses:Food:Restaurant                          30.42 USD

2024-02-21 * "Uncle Boons" "Eating out "
  Liabilities:US:Chase:Slate                       -24.00 USD
  Expenses:Food:Restaurant                          24.00 USD

2024-02-25 * "Uncle Boons" "Eating out with work buddies"
  Liabilities:US:Chase:Slate                       -48.94 USD
  Expenses:Food:Restaurant                          48.94 USD

2024-02-26 * "China Garden" "Eating out with work buddies"
  Liabilities:US:Chase:Slate                       -13.17 USD
  Expenses:Food:Restaurant                          13.17 USD

2024-02-27 * "China Garden" "Eating out with Julie"
  Liabilities:US:Chase:Slate                       -45.40 USD
  Expenses:Food:Restaurant                          45.40 USD

2024-03-02 * "Farmer Fresh" "Buying groceries"
  Liabilities:US:Chase:Slate                       -63.94 USD
  Expenses:Food:Groceries                           63.94 USD

2024-03-03 * "Goba Goba" "Eating out with Julie"
  Liabilities:US:Chase:Slate                       -48.58 USD
  Expenses:Food:Restaurant                          48.58 USD

2024-03-03 * "Metro Transport Authority" "Tram tickets"
  Liabilities:US:Chase:Slate                      -120.00 USD
  Expenses:Transport:Tram                          120.00 USD

2024-03-08 * "Uncle Boons" "Eating out "
  Liabilities:US:Chase:Slate                       -19.51 USD
  Expenses:Food:Restaurant                          19.51 USD

2024-03-10 * "Chase:Slate" "Paying off credit card"
  Liabilities:US:Chase:Slate                       699.88 USD
  Assets:US:BofA:Checking                         -699.88 USD

2024-03-11 * "Goba Goba" "Eating out with Natasha"
  Liabilities:US:Chase:Slate                       -17.70 USD
  Expenses:Food:Restaurant                          17.70 USD

2024-03-12 * "China Garden" "Eating out "
  Liabilities:US:Chase:Slate                       -30.77 USD
  Expenses:Food:Restaurant                          30.77 USD

2024-03-14 * "Farmer Fresh" "Buying groceries"
  Liabilities:US:Chase:Slate                      -110.59 USD
  Expenses:Food:Groceries                          110.59 USD

2024-03-17 * "Chichipotle" "Eating out with Julie"
  Liabilities:US:Chase:Slate                       -26.98 USD
  Expenses:Food:Restaurant                          26.98 USD

2024-03-19 balance Liabilities:US:Chase:Slate     -617.14 USD

2024-03-22 * "Cafe Modagor" "Eating out with Joe"
  Liabilities:US:Chase:Slate                       -26.21 USD
  Expenses:Food:Restaurant                          26.21 USD

2024-03-23 * "China Garden" "Eating out "
  Liabilities:US:Chase:Slate                       -25.13 USD
  Expenses:Food:Restaurant                          25.13 USD

2024-03-25 * "Corner Deli" "Buying groceries"
  Liabilities:US:Chase:Slate                       -62.20 USD
  Expenses:Food:Groceries                           62.20 USD

2024-03-28 * "Uncle Boons" "Eating out with work buddies"
  Liabilities:US:Chase:Slate                       -13.71 USD
  Expenses:Food:Restaurant                          13.71 USD

2024-03-30 * "Metro Transport Authority" "Tram tickets"
  Liabilities:US:Chase:Slate                      -120.00 USD
  Expenses:Transport:Tram                          120.00 USD

2024-03-31 * "Uncle Boons" "Eating out alone"
  Liabilities:US:Chase:Slate                       -65.84 USD
  Expenses:Food:Restaurant                          65.84 USD

2024-04-03 * "Goba Goba" "Eating out "
  Liabilities:US:Chase:Slate                       -40.29 USD
  Expenses:Food:Restaurant                          40.29 USD

2024-04-05 * "Onion Market" "Buying groceries"
  Liabilities:US:Chase:Slate                       -89.94 USD
  Expenses:Food:Groceries                           89.94 USD

2024-04-08 * "Cafe Modagor" "Eating out with Bill"
  Liabilities:US:Chase:Slate                       -36.78 USD
  Expenses:Food:Restaurant                          36.78 USD

2024-04-08 * "Chase:Slate" "Paying off credit card"
  Liabilities:US:Chase:Slate                       648.44 USD
  Assets:US:BofA:Checking                         -648.44 USD

2024-04-12 * "Goba Goba" "Eating out after work"
  Liabilities:US:Chase:Slate                       -36.43 USD
  Expenses:Food:Restaurant                          36.43 USD

2024-04-13 balance Liabilities:US:Chase:Slate     -485.23 USD

2024-04-14 * "Jewel of Morroco" "Eating out "
  Liabilities:US:Chase:Slate                       -68.60 USD
  Expenses:Food:Restaurant                          68.60 USD

2024-04-18 * "China Garden" "Eating out with Julie"
  Liabilities:US:Chase:Slate                       -18.85 USD
  Expenses:Food:Restaurant                          18.85 USD

2024-04-21 * "Rose Flower" "Eating out with work buddies"
  Liabilities:US:Chase:Slate                       -23.39 USD
  Expenses:Food:Restaurant                          23.39 USD

2024-04-23 * "Corner Deli" "Buying groceries"
  Liabilities:US:Chase:Slate                       -84.72 USD
  Expenses:Food:Groceries                           84.72 USD

2024-04-25 * "Cafe Modagor" "Eating out after work"
  Liabilities:US:Chase:Slate                       -21.81 USD
  Expenses:Food:Restaurant                          21.81 USD

2024-04-29 * "Rose Flower" "Eating out with Natasha"
  Liabilities:US:Chase:Slate                       -34.23 USD
  Expenses:Food:Restaurant                          34.23 USD

2024-04-30 * "Metro Transport Authority" "Tram tickets"
  Liabilities:US:Chase:Slate                      -120.00 USD
  Expenses:Transport:Tram                          120.00 USD

2024-05-04 * "Rose Flower" "Eating out with Natasha"
  Liabilities:US:Chase:Slate                       -39.77 USD
  Expenses:Food:Restaurant                          39.77 USD

2024-05-06 * "Good Moods Market" "Buying groceries"
  Liabilities:US:Chase:Slate                       -45.19 USD
  Expenses:Food:Groceries                           45.19 USD

2024-05-07 * "Jewel of Morroco" "Eating out "
  Liabilities:US:Chase:Slate                       -23.57 USD
  Expenses:Food:Restaurant                          23.57 USD

2024-05-08 * "Goba Goba" "Eating out with Bill"
  Liabilities:US:Chase:Slate                       -16.89 USD
  Expenses:Food:Restaurant                          16.89 USD

2024-05-10 balance Liabilities:US:Chase:Slate     -982.25 USD

2024-05-10 * "Kin Soy" "Eating out with Bill"
  Liabilities:US:Chase:Slate                       -22.10 USD
  Expenses:Food:Restaurant                          22.10 USD

2024-05-10 * "Chase:Slate" "Paying off credit card"
  Liabilities:US:Chase:Slate                       555.55 USD
  Assets:US:BofA:Checking                         -555.55 USD

2024-05-12 * "China Garden" "Eating out "
  Liabilities:US:Chase:Slate                       -21.61 USD
  Expenses:Food:Restaurant                          21.61 USD

2024-05-17 * "China Garden" "Eating out with Julie"
  Liabilities:US:Chase:Slate                       -45.47 USD
  Expenses:Food:Restaurant                          45.47 USD

2024-05-20 * "Chichipotle" "Eating out with work buddies"
  Liabilities:US:Chase:Slate                       -23.81 USD
  Expenses:Food:Restaurant                          23.81 USD

2024-05-22 * "Kin Soy" "Eating out with Natasha"
  Liabilities:US:Chase:Slate                       -31.62 USD
  Expenses:Food:Restaurant                          31.62 USD

2024-05-24 * "Corner Deli" "Buying groceries"
  Liabilities:US:Chase:Slate                       -45.93 USD
  Expenses:Food:Groceries                           45.93 USD

2024-05-26 * "Chichipotle" "Eating out with Natasha"
  Liabilities:US:Chase:Slate                       -17.39 USD
  Expenses:Food:Restaurant                          17.39 USD

2024-05-28 * "Rose Flower" "Eating out with Julie"
  Liabilities:US:Chase:Slate                       -42.08 USD
  Expenses:Food:Restaurant                          42.08 USD

2024-05-31 * "China Garden" "Eating out "
  Liabilities:US:Chase:Slate                       -19.75 USD
  Expenses:Food:Restaurant                          19.75 USD

2024-06-01 * "Metro Transport Authority" "Tram tickets"
  Liabilities:US:Chase:Slate                      -120.00 USD
  Expenses:Transport:Tram                          120.00 USD

2024-06-03 * "China Garden" "Eating out with Bill"
  Liabilities:US:Chase:Slate                       -23.13 USD
  Expenses:Food:Restaurant                          23.13 USD

2024-06-03 * "Good Moods Market" "Buying groceries"
  Liabilities:US:Chase:Slate                       -40.00 USD
  Expenses:Food:Groceries                           40.00 USD

2024-06-05 * "Uncle Boons" "Eating out with Joe"
  Liabilities:US:Chase:Slate                       -35.95 USD
  Expenses:Food:Restaurant                          35.95 USD

2024-06-06 balance Liabilities:US:Chase:Slate     -915.54 USD

2024-06-07 * "Cafe Modagor" "Eating out after work"
  Liabilities:US:Chase:Slate                       -19.10 USD
  Expenses:Food:Restaurant                          19.10 USD

2024-06-08 * "Uncle Boons" "Eating out "
  Liabilities:US:Chase:Slate                       -40.54 USD
  Expenses:Food:Restaurant                          40.54 USD

2024-06-09 * "Farmer Fresh" "Buying groceries"
  Liabilities:US:Chase:Slate                      -118.02 USD
  Expenses:Food:Groceries                          118.02 USD

2024-06-10 * "Chichipotle" "Eating out with Natasha"
  Liabilities:US:Chase:Slate                       -36.47 USD
  Expenses:Food:Restaurant                          36.47 USD

2024-06-10 * "Chase:Slate" "Paying off credit card"
  Liabilities:US:Chase:Slate                       680.87 USD
  Assets:US:BofA:Checking                         -680.87 USD

2024-06-13 * "China Garden" "Eating out "
  Liabilities:US:Chase:Slate                       -33.15 USD
  Expenses:Food:Restaurant                          33.15 USD

2024-06-14 * "Cafe Modagor" "Eating out "
  Liabilities:US:Chase:Slate                       -62.76 USD
  Expenses:Food:Restaurant                          62.76 USD

2024-06-19 * "Goba Goba" "Eating out with work buddies"
  Liabilities:US:Chase:Slate                       -12.71 USD
  Expenses:Food:Restaurant                          12.71 USD

2024-06-21 * "Rose Flower" "Eating out with Julie"
  Liabilities:US:Chase:Slate                       -52.55 USD
  Expenses:Food:Restaurant                          52.55 USD

2024-06-25 * "China Garden" "Eating out after work"
  Liabilities:US:Chase:Slate                       -31.28 USD
  Expenses:Food:Restaurant                          31.28 USD

2024-06-26 * "Jewel of Morroco" "Eating out after work"
  Liabilities:US:Chase:Slate                       -23.02 USD
  Expenses:Food:Restaurant                          23.02 USD

2024-06-26 * "Onion Market" "Buying groceries"
  Liabilities:US:Chase:Slate                       -45.02 USD
  Expenses:Food:Groceries                           45.02 USD

2024-06-27 * "Jewel of Morroco" "Eating out with Julie"
  Liabilities:US:Chase:Slate                       -28.59 USD
  Expenses:Food:Restaurant                          28.59 USD

2024-07-02 balance Liabilities:US:Chase:Slate     -737.88 USD

2024-07-02 * "Kin Soy" "Eating out alone"
  Liabilities:US:Chase:Slate                       -49.07 USD
  Expenses:Food:Restaurant                          49.07 USD

2024-07-03 * "Metro Transport Authority" "Tram tickets"
  Liabilities:US:Chase:Slate                      -120.00 USD
  Expenses:Transport:Tram                          120.00 USD

2024-07-07 * "Kin Soy" "Eating out alone"
  Liabilities:US:Chase:Slate                       -15.40 USD
  Expenses:Food:Restaurant                          15.40 USD

2024-07-08 * "Cafe Modagor" "Eating out with Julie"
  Liabilities:US:Chase:Slate                       -56.41 USD
  Expenses:Food:Restaurant                          56.41 USD

2024-07-09 * "Chase:Slate" "Paying off credit card"
  Liabilities:US:Chase:Slate                       562.86 USD
  Assets:US:BofA:Checking                         -562.86 USD

2024-07-12 * "China Garden" "Eating out after work"
  Liabilities:US:Chase:Slate                       -32.90 USD
  Expenses:Food:Restaurant                          32.90 USD

2024-07-13 * "Goba Goba" "Eating out with Julie"
  Liabilities:US:Chase:Slate                       -25.86 USD
  Expenses:Food:Restaurant                          25.86 USD

2024-07-15 * "Corner Deli" "Buying groceries"
  Liabilities:US:Chase:Slate                       -37.66 USD
  Expenses:Food:Groceries                           37.66 USD

2024-07-16 * "Uncle Boons" "Eating out after work"
  Liabilities:US:Chase:Slate                       -40.03 USD
  Expenses:Food:Restaurant                          40.03 USD

2024-07-20 * "China Garden" "Eating out with work buddies"
  Liabilities:US:Chase:Slate                       -28.03 USD
  Expenses:Food:Restaurant                          28.03 USD

2024-07-23 * "Corner Deli" "Buying groceries"
  Liabilities:US:Chase:Slate                       -92.52 USD
  Expenses:Food:Groceries                           92.52 USD

2024-07-25 * "Kin Soy" "Eating out with Joe"
  Liabilities:US:Chase:Slate                       -44.45 USD
  Expenses:Food:Restaurant                          44.45 USD

2024-07-29 balance Liabilities:US:Chase:Slate     -717.35 USD

2024-07-29 * "China Garden" "Eating out with Natasha"
  Liabilities:US:Chase:Slate                       -20.79 USD
  Expenses:Food:Restaurant                          20.79 USD

2024-07-31 * "Metro Transport Authority" "Tram tickets"
  Liabilities:US:Chase:Slate                      -120.00 USD
  Expenses:Transport:Tram                          120.00 USD

2024-08-02 * "Kin Soy" "Eating out with work buddies"
  Liabilities:US:Chase:Slate                       -37.75 USD
  Expenses:Food:Restaurant                          37.75 USD

2024-08-03 * "Uncle Boons" "Eating out "
  Liabilities:US:Chase:Slate                       -62.30 USD
  Expenses:Food:Restaurant                          62.30 USD

2024-08-03 * "Farmer Fresh" "Buying groceries"
  Liabilities:US:Chase:Slate                      -123.38 USD
  Expenses:Food:Groceries                          123.38 USD

2024-08-04 * "Cafe Modagor" "Eating out "
  Liabilities:US:Chase:Slate                       -39.90 USD
  Expenses:Food:Restaurant                          39.90 USD

2024-08-07 * "Chichipotle" "Eating out with Joe"
  Liabilities:US:Chase:Slate                       -19.18 USD
  Expenses:Food:Restaurant                          19.18 USD

2024-08-08 * "Farmer Fresh" "Buying groceries"
  Liabilities:US:Chase:Slate                       -77.42 USD
  Expenses:Food:Groceries                           77.42 USD

2024-08-08 * "Chase:Slate" "Paying off credit card"
  Liabilities:US:Chase:Slate                       769.27 USD
  Assets:US:BofA:Checking                         -769.27 USD

2024-08-12 * "Kin Soy" "Eating out with Natasha"
  Liabilities:US:Chase:Slate                       -31.20 USD
  Expenses:Food:Restaurant                          31.20 USD

2024-08-13 * "Kin Soy" "Eating out alone"
  Liabilities:US:Chase:Slate                       -26.00 USD
  Expenses:Food:Restaurant                          26.00 USD

2024-08-16 * "Chichipotle" "Eating out with Natasha"
  Liabilities:US:Chase:Slate                       -25.37 USD
  Expenses:Food:Restaurant                          25.37 USD

2024-08-16 * "Good Moods Market" "Buying groceries"
  Liabilities:US:Chase:Slate                       -79.55 USD
  Expenses:Food:Groceries                           79.55 USD

2024-08-18 * "Goba Goba" "Eating out after work"
  Liabilities:US:Chase:Slate                       -40.06 USD
  Expenses:Food:Restaurant                          40.06 USD

2024-08-22 * "Kin Soy" "Eating out with Natasha"
  Liabilities:US:Chase:Slate                       -34.60 USD
  Expenses:Food:Restaurant                          34.60 USD

2024-08-24 balance Liabilities:US:Chase:Slate     -685.58 USD

2024-08-24 * "Farmer Fresh" "Buying groceries"
  Liabilities:US:Chase:Slate                       -50.65 USD
  Expenses:Food:Groceries                           50.65 USD

2024-08-25 * "China Garden" "Eating out with Joe"
  Liabilities:US:Chase:Slate                       -39.79 USD
  Expenses:Food:Restaurant                          39.79 USD

2024-08-27 * "Rose Flower" "Eating out with Joe"
  Liabilities:US:Chase:Slate                       -58.14 USD
  Expenses:Food:Restaurant                          58.14 USD

2024-08-30 * "Metro Transport Authority" "Tram tickets"
  Liabilities:US:Chase:Slate                      -120.00 USD
  Expenses:Transport:Tram                          120.00 USD

2024-08-31 * "Jewel of Morroco" "Eating out with Natasha"
  Liabilities:US:Chase:Slate                       -50.36 USD
  Expenses:Food:Restaurant                          50.36 USD

2024-09-02 * "Rose Flower" "Eating out "
  Liabilities:US:Chase:Slate                       -18.97 USD
  Expenses:Food:Restaurant                          18.97 USD

2024-09-05 * "Jewel of Morroco" "Eating out "
  Liabilities:US:Chase:Slate                       -60.48 USD
  Expenses:Food:Restaurant                          60.48 USD

2024-09-05 * "Onion Market" "Buying groceries"
  Liabilities:US:Chase:Slate                      -100.82 USD
  Expenses:Food:Groceries                          100.82 USD

2024-09-09 * "Chase:Slate" "Paying off credit card"
  Liabilities:US:Chase:Slate                       767.12 USD
  Assets:US:BofA:Checking                         -767.12 USD

2024-09-10 * "Rose Flower" "Eating out "
  Liabilities:US:Chase:Slate                       -31.13 USD
  Expenses:Food:Restaurant                          31.13 USD

2024-09-11 * "Uncle Boons" "Eating out with Julie"
  Liabilities:US:Chase:Slate                       -14.63 USD
  Expenses:Food:Restaurant                          14.63 USD

2024-09-13 * "Jewel of Morroco" "Eating out with Joe"
  Liabilities:US:Chase:Slate                       -23.81 USD
  Expenses:Food:Restaurant                          23.81 USD

2024-09-14 balance Liabilities:US:Chase:Slate     -487.24 USD

2024-09-16 * "Uncle Boons" "Eating out with Julie"
  Liabilities:US:Chase:Slate                       -22.60 USD
  Expenses:Food:Restaurant                          22.60 USD

2024-09-16 * "Corner Deli" "Buying groceries"
  Liabilities:US:Chase:Slate                      -104.12 USD
  Expenses:Food:Groceries                          104.12 USD

2024-09-17 * "Goba Goba" "Eating out with Julie"
  Liabilities:US:Chase:Slate                       -29.94 USD
  Expenses:Food:Restaurant                          29.94 USD

2024-09-21 * "Kin Soy" "Eating out with Julie"
  Liabilities:US:Chase:Slate                       -18.03 USD
  Expenses:Food:Restaurant                          18.03 USD

2024-09-26 * "Jewel of Morroco" "Eating out alone"
  Liabilities:US:Chase:Slate                       -30.10 USD
  Expenses:Food:Restaurant                          30.10 USD

2024-09-26 * "Metro Transport Authority" "Tram tickets"
  Liabilities:US:Chase:Slate                      -120.00 USD
  Expenses:Transport:Tram                          120.00 USD

2024-09-29 * "Kin Soy" "Eating out "
  Liabilities:US:Chase:Slate                       -24.06 USD
  Expenses:Food:Restaurant                          24.06 USD

2024-09-30 * "Cafe Modagor" "Eating out with Julie"
  Liabilities:US:Chase:Slate                       -28.27 USD
  Expenses:Food:Restaurant                          28.27 USD

2024-10-02 * "Jewel of Morroco" "Eating out with Joe"
  Liabilities:US:Chase:Slate                       -35.97 USD
  Expenses:Food:Restaurant                          35.97 USD

2024-10-03 * "Chichipotle" "Eating out with Bill"
  Liabilities:US:Chase:Slate                       -18.33 USD
  Expenses:Food:Restaurant                          18.33 USD

2024-10-06 * "Farmer Fresh" "Buying groceries"
  Liabilities:US:Chase:Slate                       -90.66 USD
  Expenses:Food:Groceries                           90.66 USD

2024-10-07 event "location" "New York"

2024-10-07 * "Chase:Slate" "Paying off credit card"
  Liabilities:US:Chase:Slate                       623.88 USD
  Assets:US:BofA:Checking                         -623.88 USD

2024-10-08 * "Uncle Boons" "" #trip-new-york-2024
  Liabilities:US:Chase:Slate                       -35.62 USD
  Expenses:Food:Restaurant                          35.62 USD

2024-10-08 * "Laut" "" #trip-new-york-2024
  Liabilities:US:Chase:Slate                       -32.05 USD
  Expenses:Food:Restaurant                          32.05 USD

2024-10-09 * "Takahachi" "" #trip-new-york-2024
  Liabilities:US:Chase:Slate                       -45.56 USD
  Expenses:Food:Restaurant                          45.56 USD

2024-10-09 * "Laut" "" #trip-new-york-2024
  Liabilities:US:Chase:Slate                       -36.71 USD
  Expenses:Food:Restaurant                          36.71 USD

2024-10-10 balance Liabilities:US:Chase:Slate     -535.38 USD

2024-10-10 * "Cafe Select" "" #trip-new-york-2024
  Liabilities:US:Chase:Slate                       -28.12 USD
  Expenses:Food:Restaurant                          28.12 USD

2024-10-11 * "Uncle Boons" "" #trip-new-york-2024
  Liabilities:US:Chase:Slate                       -35.69 USD
  Expenses:Food:Restaurant                          35.69 USD

2024-10-11 * "Laut" "" #trip-new-york-2024
  Liabilities:US:Chase:Slate                       -29.34 USD
  Expenses:Food:Restaurant                          29.34 USD

2024-10-13 * "Cafe Select" "" #trip-new-york-2024
  Liabilities:US:Chase:Slate                       -29.02 USD
  Expenses:Food:Restaurant                          29.02 USD

2024-10-15 * "Cafe Select" "" #trip-new-york-2024
  Liabilities:US:Chase:Slate                       -27.72 USD
  Expenses:Food:Restaurant                          27.72 USD

2024-10-15 * "Takahachi" "" #trip-new-york-2024
  Liabilities:US:Chase:Slate                       -57.77 USD
  Expenses:Food:Restaurant                          57.77 USD

2024-10-16 * "Cafe Select" "" #trip-new-york-2024
  Liabilities:US:Chase:Slate                       -28.42 USD
  Expenses:Food:Restaurant                          28.42 USD

2024-10-17 * "Cafe Select" "" #trip-new-york-2024
  Liabilities:US:Chase:Slate                       -33.33 USD
  Expenses:Food:Restaurant                          33.33 USD

2024-10-17 * "Gimme! Coffee" "" #trip-new-york-2024
  Liabilities:US:Chase:Slate                        -5.82 USD
  Expenses:Food:Coffee                               5.82 USD

2024-10-18 * "La Colombe" "" #trip-new-york-2024
  Liabilities:US:Chase:Slate                        -5.32 USD
  Expenses:Food:Coffee                               5.32 USD

2024-10-19 * "La Colombe" "" #trip-new-york-2024
  Liabilities:US:Chase:Slate                        -5.51 USD
  Expenses:Food:Coffee                               5.51 USD

2024-10-19 * "Gimme! Coffee" "" #trip-new-york-2024
  Liabilities:US:Chase:Slate                        -5.74 USD
  Expenses:Food:Coffee                               5.74 USD

2024-10-20 * "Uncle Boons" "" #trip-new-york-2024
  Liabilities:US:Chase:Slate                       -31.21 USD
  Expenses:Food:Restaurant                          31.21 USD

2024-10-20 * "Takahachi" "" #trip-new-york-2024
  Liabilities:US:Chase:Slate                       -51.16 USD
  Expenses:Food:Restaurant                          51.16 USD

2024-10-21 * "Uncle Boons" "" #trip-new-york-2024
  Liabilities:US:Chase:Slate                       -38.17 USD
  Expenses:Food:Restaurant                          38.17 USD

2024-10-21 * "Cafe Select" "" #trip-new-york-2024
  Liabilities:US:Chase:Slate                       -29.57 USD
  Expenses:Food:Restaurant                          29.57 USD

2024-10-21 * "Gimme! Coffee" "" #trip-new-york-2024
  Liabilities:US:Chase:Slate                        -7.61 USD
  Expenses:Food:Coffee                               7.61 USD

2024-10-22 * "Cafe Select" "" #trip-new-york-2024
  Liabilities:US:Chase:Slate                       -26.98 USD
  Expenses:Food:Restaurant                          26.98 USD

2024-10-22 * "Laut" "" #trip-new-york-2024
  Liabilities:US:Chase:Slate                       -34.29 USD
  Expenses:Food:Restaurant                          34.29 USD

2024-10-22 * "La Colombe" "" #trip-new-york-2024
  Liabilities:US:Chase:Slate                        -6.68 USD
  Expenses:Food:Coffee                               6.68 USD

2024-10-22 * "Consume vacation days"
  Assets:US:Babble:Vacation                          -120 VACHR
  Expenses:Vacation                                   120 VACHR

2024-10-22 event "location" "New Metropolis"

2024-10-23 * "Farmer Fresh" "Buying groceries"
  Liabilities:US:Chase:Slate                       -63.36 USD
  Expenses:Food:Groceries                           63.36 USD

2024-10-26 * "Rose Flower" "Eating out with Natasha"
  Liabilities:US:Chase:Slate                       -36.86 USD
  Expenses:Food:Restaurant                          36.86 USD

2024-10-26 * "Metro Transport Authority" "Tram tickets"
  Liabilities:US:Chase:Slate                      -120.00 USD
  Expenses:Transport:Tram                          120.00 USD

2024-10-27 * "Rose Flower" "Eating out after work"
  Liabilities:US:Chase:Slate                       -19.85 USD
  Expenses:Food:Restaurant                          19.85 USD

2024-10-30 * "Jewel of Morroco" "Eating out alone"
  Liabilities:US:Chase:Slate                       -23.99 USD
  Expenses:Food:Restaurant                          23.99 USD

2024-10-31 * "China Garden" "Eating out with Joe"
  Liabilities:US:Chase:Slate                       -49.17 USD
  Expenses:Food:Restaurant                          49.17 USD

2024-11-03 * "Goba Goba" "Eating out with Joe"
  Liabilities:US:Chase:Slate                       -19.87 USD
  Expenses:Food:Restaurant                          19.87 USD

2024-11-04 * "Kin Soy" "Eating out with Julie"
  Liabilities:US:Chase:Slate                       -32.80 USD
  Expenses:Food:Restaurant                          32.80 USD

2024-11-05 * "Corner Deli" "Buying groceries"
  Liabilities:US:Chase:Slate                       -65.59 USD
  Expenses:Food:Groceries                           65.59 USD

2024-11-06 balance Liabilities:US:Chase:Slate    -1484.34 USD

2024-11-07 * "Cafe Modagor" "Eating out with Julie"
  Liabilities:US:Chase:Slate                       -36.25 USD
  Expenses:Food:Restaurant                          36.25 USD

2024-11-09 * "Uncle Boons" "Eating out with Natasha"
  Liabilities:US:Chase:Slate                       -20.56 USD
  Expenses:Food:Restaurant                          20.56 USD

2024-11-11 * "Chase:Slate" "Paying off credit card"
  Liabilities:US:Chase:Slate                       453.97 USD
  Assets:US:BofA:Checking                         -453.97 USD

2024-11-14 * "Rose Flower" "Eating out with Joe"
  Liabilities:US:Chase:Slate                       -29.03 USD
  Expenses:Food:Restaurant                          29.03 USD

2024-11-15 * "Farmer Fresh" "Buying groceries"
  Liabilities:US:Chase:Slate                       -83.16 USD
  Expenses:Food:Groceries                           83.16 USD

2024-11-17 * "Chichipotle" "Eating out with Natasha"
  Liabilities:US:Chase:Slate                       -18.33 USD
  Expenses:Food:Restaurant                          18.33 USD

2024-11-20 * "Jewel of Morroco" "Eating out with Joe"
  Liabilities:US:Chase:Slate                       -35.73 USD
  Expenses:Food:Restaurant                          35.73 USD

2024-11-21 * "Good Moods Market" "Buying groceries"
  Liabilities:US:Chase:Slate                       -64.88 USD
  Expenses:Food:Groceries                           64.88 USD

2024-11-22 * "Metro Transport Authority" "Tram tickets"
  Liabilities:US:Chase:Slate                      -120.00 USD
  Expenses:Transport:Tram                          120.00 USD

2024-11-24 * "Kin Soy" "Eating out alone"
  Liabilities:US:Chase:Slate                       -34.81 USD
  Expenses:Food:Restaurant                          34.81 USD

2024-11-27 * "Farmer Fresh" "Buying groceries"
  Liabilities:US:Chase:Slate                       -85.27 USD
  Expenses:Food:Groceries                           85.27 USD

2024-11-28 balance Liabilities:US:Chase:Slate    -1558.39 USD

2024-11-28 * "Rose Flower" "Eating out with Natasha"
  Liabilities:US:Chase:Slate                       -16.76 USD
  Expenses:Food:Restaurant                          16.76 USD

2024-11-30 * "Kin Soy" "Eating out with Joe"
  Liabilities:US:Chase:Slate                       -29.97 USD
  Expenses:Food:Restaurant                          29.97 USD

2024-12-02 * "Jewel of Morroco" "Eating out with work buddies"
  Liabilities:US:Chase:Slate                       -41.01 USD
  Expenses:Food:Restaurant                          41.01 USD

2024-12-04 * "Farmer Fresh" "Buying groceries"
  Liabilities:US:Chase:Slate                       -93.60 USD
  Expenses:Food:Groceries                           93.60 USD

2024-12-05 * "Goba Goba" "Eating out "
  Liabilities:US:Chase:Slate                       -19.87 USD
  Expenses:Food:Restaurant                          19.87 USD

2024-12-08 * "Jewel of Morroco" "Eating out with Bill"
  Liabilities:US:Chase:Slate                       -18.91 USD
  Expenses:Food:Restaurant                          18.91 USD

2024-12-09 * "Uncle Boons" "Eating out after work"
  Liabilities:US:Chase:Slate                       -33.58 USD
  Expenses:Food:Restaurant                          33.58 USD

2024-12-10 * "Chase:Slate" "Paying off credit card"
  Liabilities:US:Chase:Slate                       728.19 USD
  Assets:US:BofA:Checking                         -728.19 USD

2024-12-11 * "China Garden" "Eating out with Julie"
  Liabilities:US:Chase:Slate                       -32.31 USD
  Expenses:Food:Restaurant                          32.31 USD

2024-12-14 * "Farmer Fresh" "Buying groceries"
  Liabilities:US:Chase:Slate                       -55.97 USD
  Expenses:Food:Groceries                           55.97 USD

2024-12-16 * "Goba Goba" "Eating out with Natasha"
  Liabilities:US:Chase:Slate                       -37.64 USD
  Expenses:Food:Restaurant                          37.64 USD

2024-12-19 * "Goba Goba" "Eating out alone"
  Liabilities:US:Chase:Slate                       -27.50 USD
  Expenses:Food:Restaurant                          27.50 USD

2024-12-20 * "Good Moods Market" "Buying groceries"
  Liabilities:US:Chase:Slate                       -59.69 USD
  Expenses:Food:Groceries                           59.69 USD

2024-12-21 * "Metro Transport Authority" "Tram tickets"
  Liabilities:US:Chase:Slate                      -120.00 USD
  Expenses:Transport:Tram                          120.00 USD

2024-12-22 balance Liabilities:US:Chase:Slate    -1417.01 USD

2024-12-23 * "China Garden" "Eating out "
  Liabilities:US:Chase:Slate                       -63.88 USD
  Expenses:Food:Restaurant                          63.88 USD

2024-12-27 * "China Garden" "Eating out with Julie"
  Liabilities:US:Chase:Slate                       -37.13 USD
  Expenses:Food:Restaurant                          37.13 USD

2024-12-28 * "Jewel of Morroco" "Eating out with Natasha"
  Liabilities:US:Chase:Slate                       -29.09 USD
  Expenses:Food:Restaurant                          29.09 USD

2025-01-01 * "Jewel of Morroco" "Eating out with work buddies"
  Liabilities:US:Chase:Slate                       -38.11 USD
  Expenses:Food:Restaurant                          38.11 USD

2025-01-04 * "Jewel of Morroco" "Eating out with Julie"
  Liabilities:US:Chase:Slate                       -82.34 USD
  Expenses:Food:Restaurant                          82.34 USD

2025-01-07 * "Goba Goba" "Eating out with Julie"
  Liabilities:US:Chase:Slate                       -30.74 USD
  Expenses:Food:Restaurant                          30.74 USD

2025-01-08 * "Kin Soy" "Eating out with Joe"
  Liabilities:US:Chase:Slate                       -36.14 USD
  Expenses:Food:Restaurant                          36.14 USD

2025-01-09 * "Good Moods Market" "Buying groceries"
  Liabilities:US:Chase:Slate                      -161.08 USD
  Expenses:Food:Groceries                          161.08 USD

2025-01-09 * "Chase:Slate" "Paying off credit card"
  Liabilities:US:Chase:Slate                       779.31 USD
  Assets:US:BofA:Checking                         -779.31 USD

2025-01-13 * "Chichipotle" "Eating out with Bill"
  Liabilities:US:Chase:Slate                       -28.31 USD
  Expenses:Food:Restaurant                          28.31 USD

2025-01-15 * "Kin Soy" "Eating out with Natasha"
  Liabilities:US:Chase:Slate                       -24.92 USD
  Expenses:Food:Restaurant                          24.92 USD

2025-01-17 balance Liabilities:US:Chase:Slate    -1169.44 USD

2025-01-18 * "Jewel of Morroco" "Eating out with Bill"
  Liabilities:US:Chase:Slate                       -33.36 USD
  Expenses:Food:Restaurant                          33.36 USD

2025-01-20 * "Chichipotle" "Eating out "
  Liabilities:US:Chase:Slate                       -23.71 USD
  Expenses:Food:Restaurant                          23.71 USD

2025-01-22 * "Metro Transport Authority" "Tram tickets"
  Liabilities:US:Chase:Slate                      -120.00 USD
  Expenses:Transport:Tram                          120.00 USD

2025-01-24 * "China Garden" "Eating out with Natasha"
  Liabilities:US:Chase:Slate                       -26.43 USD
  Expenses:Food:Restaurant                          26.43 USD

2025-01-25 * "Jewel of Morroco" "Eating out after work"
  Liabilities:US:Chase:Slate                       -22.92 USD
  Expenses:Food:Restaurant                          22.92 USD

2025-01-25 * "Farmer Fresh" "Buying groceries"
  Liabilities:US:Chase:Slate                       -87.50 USD
  Expenses:Food:Groceries                           87.50 USD

2025-01-27 * "Rose Flower" "Eating out with Bill"
  Liabilities:US:Chase:Slate                       -25.48 USD
  Expenses:Food:Restaurant                          25.48 USD

2025-01-31 * "China Garden" "Eating out with Natasha"
  Liabilities:US:Chase:Slate                       -19.01 USD
  Expenses:Food:Restaurant                          19.01 USD

2025-02-01 * "Goba Goba" "Eating out with Julie"
  Liabilities:US:Chase:Slate                       -27.41 USD
  Expenses:Food:Restaurant                          27.41 USD

2025-02-03 * "China Garden" "Eating out "
  Liabilities:US:Chase:Slate                       -26.23 USD
  Expenses:Food:Restaurant                          26.23 USD

2025-02-04 * "Jewel of Morroco" "Eating out "
  Liabilities:US:Chase:Slate                       -32.58 USD
  Expenses:Food:Restaurant                          32.58 USD

2025-02-05 * "Corner Deli" "Buying groceries"
  Liabilities:US:Chase:Slate                      -106.47 USD
  Expenses:Food:Groceries                          106.47 USD

2025-02-07 * "China Garden" "Eating out with Joe"
  Liabilities:US:Chase:Slate                       -25.20 USD
  Expenses:Food:Restaurant                          25.20 USD

2025-02-08 * "Chase:Slate" "Paying off credit card"
  Liabilities:US:Chase:Slate                       646.67 USD
  Assets:US:BofA:Checking                         -646.67 USD

2025-02-09 * "Rose Flower" "Eating out "
  Liabilities:US:Chase:Slate                       -17.14 USD
  Expenses:Food:Restaurant                          17.14 USD

2025-02-12 * "Cafe Modagor" "Eating out with Julie"
  Liabilities:US:Chase:Slate                       -25.99 USD
  Expenses:Food:Restaurant                          25.99 USD

2025-02-13 * "Jewel of Morroco" "Eating out with work buddies"
  Liabilities:US:Chase:Slate                       -29.52 USD
  Expenses:Food:Restaurant                          29.52 USD

2025-02-15 balance Liabilities:US:Chase:Slate    -1171.72 USD

2025-02-15 * "Kin Soy" "Eating out alone"
  Liabilities:US:Chase:Slate                       -67.82 USD
  Expenses:Food:Restaurant                          67.82 USD

2025-02-18 * "Metro Transport Authority" "Tram tickets"
  Liabilities:US:Chase:Slate                      -120.00 USD
  Expenses:Transport:Tram                          120.00 USD

2025-02-19 * "Chichipotle" "Eating out with Bill"
  Liabilities:US:Chase:Slate                       -56.80 USD
  Expenses:Food:Restaurant                          56.80 USD

2025-02-20 event "location" "San Francisco"

2025-02-21 * "Waterbar" "" #trip-san-francisco-2025
  Liabilities:US:Chase:Slate                       -58.94 USD
  Expenses:Food:Restaurant                          58.94 USD

2025-02-21 * "Starbucks" "" #trip-san-francisco-2025
  Liabilities:US:Chase:Slate                        -6.35 USD
  Expenses:Food:Coffee                               6.35 USD

2025-02-22 * "Pizza Delfina" "" #trip-san-francisco-2025
  Liabilities:US:Chase:Slate                       -19.81 USD
  Expenses:Food:Restaurant                          19.81 USD

2025-02-22 * "Waterbar" "" #trip-san-francisco-2025
  Liabilities:US:Chase:Slate                       -46.50 USD
  Expenses:Food:Restaurant                          46.50 USD

2025-02-22 * "Starbucks" "" #trip-san-francisco-2025
  Liabilities:US:Chase:Slate                        -5.29 USD
  Expenses:Food:Coffee                               5.29 USD

2025-02-23 * "Pizza Delfina" "" #trip-san-francisco-2025
  Liabilities:US:Chase:Slate                       -20.99 USD
  Expenses:Food:Restaurant                          20.99 USD

2025-02-23 * "Mission Chinese Food" "" #trip-san-francisco-2025
  Liabilities:US:Chase:Slate                       -28.52 USD
  Expenses:Food:Restaurant                          28.52 USD

2025-02-24 * "Mission Chinese Food" "" #trip-san-francisco-2025
  Liabilities:US:Chase:Slate                       -36.63 USD
  Expenses:Food:Restaurant                          36.63 USD

2025-02-24 * "Starbucks" "" #trip-san-francisco-2025
  Liabilities:US:Chase:Slate                        -6.65 USD
  Expenses:Food:Coffee                               6.65 USD

2025-02-25 * "Pizza Delfina" "" #trip-san-francisco-2025
  Liabilities:US:Chase:Slate                       -24.13 USD
  Expenses:Food:Restaurant                          24.13 USD

2025-02-25 * "Waterbar" "" #trip-san-francisco-2025
  Liabilities:US:Chase:Slate                       -45.69 USD
  Expenses:Food:Restaurant                          45.69 USD

2025-02-25 * "Mission Chinese Food" "" #trip-san-francisco-2025
  Liabilities:US:Chase:Slate                       -28.02 USD
  Expenses:Food:Restaurant                          28.02 USD

2025-02-27 * "Waterbar" "" #trip-san-francisco-2025
  Liabilities:US:Chase:Slate                       -55.65 USD
  Expenses:Food:Restaurant                          55.65 USD

2025-02-28 * "Starbucks" "" #trip-san-francisco-2025
  Liabilities:US:Chase:Slate                        -5.46 USD
  Expenses:Food:Coffee                               5.46 USD

2025-03-01 * "Waterbar" "" #trip-san-francisco-2025
  Liabilities:US:Chase:Slate                       -41.13 USD
  Expenses:Food:Restaurant                          41.13 USD

2025-03-03 * "Bar Crudo" "" #trip-san-francisco-2025
  Liabilities:US:Chase:Slate                       -70.44 USD
  Expenses:Food:Restaurant                          70.44 USD

2025-03-04 * "Starbucks" "" #trip-san-francisco-2025
  Liabilities:US:Chase:Slate                        -5.72 USD
  Expenses:Food:Coffee                               5.72 USD

2025-03-05 * "Waterbar" "" #trip-san-francisco-2025
  Liabilities:US:Chase:Slate                       -54.68 USD
  Expenses:Food:Restaurant                          54.68 USD

2025-03-05 * "Starbucks" "" #trip-san-francisco-2025
  Liabilities:US:Chase:Slate                        -6.41 USD
  Expenses:Food:Coffee                               6.41 USD

2025-03-06 * "Consume vacation days"
  Assets:US:Babble:Vacation                          -112 VACHR
  Expenses:Vacation                                   112 VACHR

2025-03-06 event "location" "New Metropolis"

2025-03-07 * "China Garden" "Eating out after work"
  Liabilities:US:Chase:Slate                       -28.07 USD
  Expenses:Food:Restaurant                          28.07 USD

2025-03-08 * "Chase:Slate" "Paying off credit card"
  Liabilities:US:Chase:Slate                       390.39 USD
  Assets:US:BofA:Checking                         -390.39 USD

2025-03-10 * "Onion Market" "Buying groceries"
  Liabilities:US:Chase:Slate                       -62.19 USD
  Expenses:Food:Groceries                           62.19 USD

2025-03-12 balance Liabilities:US:Chase:Slate    -1683.22 USD

2025-03-12 * "Rose Flower" "Eating out with Julie"
  Liabilities:US:Chase:Slate                       -47.88 USD
  Expenses:Food:Restaurant                          47.88 USD

2025-03-17 * "Goba Goba" "Eating out alone"
  Liabilities:US:Chase:Slate                       -20.04 USD
  Expenses:Food:Restaurant                          20.04 USD

2025-03-19 * "Metro Transport Authority" "Tram tickets"
  Liabilities:US:Chase:Slate                      -120.00 USD
  Expenses:Transport:Tram                          120.00 USD

2025-03-21 * "Jewel of Morroco" "Eating out with Bill"
  Liabilities:US:Chase:Slate                       -32.65 USD
  Expenses:Food:Restaurant                          32.65 USD

2025-03-21 * "Corner Deli" "Buying groceries"
  Liabilities:US:Chase:Slate                       -78.37 USD
  Expenses:Food:Groceries                           78.37 USD

2025-03-23 * "China Garden" "Eating out with Julie"
  Liabilities:US:Chase:Slate                       -38.34 USD
  Expenses:Food:Restaurant                          38.34 USD

2025-03-24 * "China Garden" "Eating out with work buddies"
  Liabilities:US:Chase:Slate                       -23.14 USD
  Expenses:Food:Restaurant                          23.14 USD

2025-03-28 * "China Garden" "Eating out with Joe"
  Liabilities:US:Chase:Slate                       -36.18 USD
  Expenses:Food:Restaurant                          36.18 USD

2025-03-29 * "Goba Goba" "Eating out with work buddies"
  Liabilities:US:Chase:Slate                       -23.24 USD
  Expenses:Food:Restaurant                          23.24 USD

2025-04-02 * "Onion Market" "Buying groceries"
  Liabilities:US:Chase:Slate                       -57.15 USD
  Expenses:Food:Groceries                           57.15 USD

2025-04-03 * "Chichipotle" "Eating out with work buddies"
  Liabilities:US:Chase:Slate                       -36.78 USD
  Expenses:Food:Restaurant                          36.78 USD

2025-04-08 * "Rose Flower" "Eating out alone"
  Liabilities:US:Chase:Slate                       -40.51 USD
  Expenses:Food:Restaurant                          40.51 USD

2025-04-10 balance Liabilities:US:Chase:Slate    -2237.50 USD

2025-04-13 * "Uncle Boons" "Eating out with Joe"
  Liabilities:US:Chase:Slate                       -44.66 USD
  Expenses:Food:Restaurant                          44.66 USD

2025-04-14 * "Farmer Fresh" "Buying groceries"
  Liabilities:US:Chase:Slate                       -76.39 USD
  Expenses:Food:Groceries                           76.39 USD

2025-04-15 * "China Garden" "Eating out with Joe"
  Liabilities:US:Chase:Slate                       -34.54 USD
  Expenses:Food:Restaurant                          34.54 USD

2025-04-20 * "Uncle Boons" "Eating out with Julie"
  Liabilities:US:Chase:Slate                       -26.71 USD
  Expenses:Food:Restaurant                          26.71 USD

2025-04-21 * "Metro Transport Authority" "Tram tickets"
  Liabilities:US:Chase:Slate                      -120.00 USD
  Expenses:Transport:Tram                          120.00 USD

2025-04-22 * "Rose Flower" "Eating out with Joe"
  Liabilities:US:Chase:Slate                       -34.56 USD
  Expenses:Food:Restaurant                          34.56 USD

2025-04-24 * "Corner Deli" "Buying groceries"
  Liabilities:US:Chase:Slate                      -141.09 USD
  Expenses:Food:Groceries                          141.09 USD

2025-04-26 * "Kin Soy" "Eating out with Julie"
  Liabilities:US:Chase:Slate                       -51.51 USD
  Expenses:Food:Restaurant                          51.51 USD

2025-04-28 * "Rose Flower" "Eating out alone"
  Liabilities:US:Chase:Slate                       -17.36 USD
  Expenses:Food:Restaurant                          17.36 USD

2025-04-29 * "Corner Deli" "Buying groceries"
  Liabilities:US:Chase:Slate                       -66.63 USD
  Expenses:Food:Groceries                           66.63 USD

2025-05-03 * "Kin Soy" "Eating out with Natasha"
  Liabilities:US:Chase:Slate                       -20.92 USD
  Expenses:Food:Restaurant                          20.92 USD

2025-05-05 balance Liabilities:US:Chase:Slate    -2871.87 USD

2025-05-05 * "Jewel of Morroco" "Eating out alone"
  Liabilities:US:Chase:Slate                       -22.94 USD
  Expenses:Food:Restaurant                          22.94 USD



* Taxable Investments

2023-01-01 open Assets:US:ETrade:Cash                       USD
2023-01-01 open Assets:US:ETrade:ITOT                       ITOT
2023-01-01 open Assets:US:ETrade:VEA                       VEA
2023-01-01 open Assets:US:ETrade:VHT                       VHT
2023-01-01 open Assets:US:ETrade:GLD                       GLD
2023-01-01 open Income:US:ETrade:PnL                        USD
2023-01-01 open Income:US:ETrade:ITOT:Dividend              USD
2023-01-01 open Income:US:ETrade:VEA:Dividend              USD
2023-01-01 open Income:US:ETrade:VHT:Dividend              USD
2023-01-01 open Income:US:ETrade:GLD:Dividend              USD

2023-09-18 * "Dividends on portfolio"
  Assets:US:ETrade:Cash                              0.00 USD
  Income:US:ETrade:VHT:Dividend                      0.00 USD

2023-09-29 * "Buy shares of GLD"
  Assets:US:ETrade:Cash                          -1066.76 USD
  Assets:US:ETrade:GLD                                 13 GLD {81.37 USD, 2023-09-29}
  Expenses:Financial:Commissions                     8.95 USD

2023-09-29 * "Buy shares of ITOT"
  Assets:US:ETrade:Cash                          -1056.04 USD
  Assets:US:ETrade:ITOT                                19 ITOT {55.11 USD, 2023-09-29}
  Expenses:Financial:Commissions                     8.95 USD

2023-09-29 * "Buy shares of VEA"
  Assets:US:ETrade:Cash                          -1060.33 USD
  Assets:US:ETrade:VEA                                 11 VEA {95.58 USD, 2023-09-29}
  Expenses:Financial:Commissions                     8.95 USD

2023-11-11 * "Buy shares of ITOT"
  Assets:US:ETrade:Cash                          -2382.75 USD
  Assets:US:ETrade:ITOT                                44 ITOT {53.95 USD, 2023-11-11}
  Expenses:Financial:Commissions                     8.95 USD

2023-11-11 * "Buy shares of VEA"
  Assets:US:ETrade:Cash                          -2374.70 USD
  Assets:US:ETrade:VEA                                 25 VEA {94.63 USD, 2023-11-11}
  Expenses:Financial:Commissions                     8.95 USD

2023-12-17 * "Dividends on portfolio"
  Assets:US:ETrade:Cash                             31.58 USD
  Income:US:ETrade:VHT:Dividend                    -31.58 USD

2024-02-02 * "Sell shares of ITOT"
  Assets:US:ETrade:ITOT                               -44 ITOT {53.95 USD, 2023-11-11} @ 59.15 USD
  Assets:US:ETrade:Cash                           2593.65 USD
  Expenses:Financial:Commissions                     8.95 USD
  Income:US:ETrade:PnL                            -228.80 USD

2024-02-03 * "Buy shares of VEA"
  Assets:US:ETrade:Cash                          -2608.17 USD
  Assets:US:ETrade:VEA                                 26 VEA {99.97 USD, 2024-02-03}
  Expenses:Financial:Commissions                     8.95 USD

2024-02-28 * "Sell shares of VEA"
  Assets:US:ETrade:VEA                                -26 VEA {99.97 USD, 2024-02-03} @ 99.32 USD
  Assets:US:ETrade:Cash                           2573.37 USD
  Expenses:Financial:Commissions                     8.95 USD
  Income:US:ETrade:PnL                              16.90 USD

2024-03-10 * "Buy shares of VHT"
  Assets:US:ETrade:Cash                          -2444.95 USD
  Assets:US:ETrade:VHT                                 12 VHT {203.00 USD, 2024-03-10}
  Expenses:Financial:Commissions                     8.95 USD

2024-03-17 * "Dividends on portfolio"
  Assets:US:ETrade:Cash                             51.72 USD
  Income:US:ETrade:VEA:Dividend                    -51.72 USD

2024-03-25 * "Sell shares of VHT"
  Assets:US:ETrade:VHT                                -12 VHT {203.00 USD, 2024-03-10} @ 201.64 USD
  Assets:US:ETrade:Cash                           2410.73 USD
  Expenses:Financial:Commissions                     8.95 USD
  Income:US:ETrade:PnL                              16.32 USD

2024-03-28 * "Buy shares of ITOT"
  Assets:US:ETrade:Cash                          -2473.05 USD
  Assets:US:ETrade:ITOT                                41 ITOT {60.10 USD, 2024-03-28}
  Expenses:Financial:Commissions                     8.95 USD

2024-06-17 * "Dividends on portfolio"
  Assets:US:ETrade:Cash                             61.58 USD
  Income:US:ETrade:VHT:Dividend                    -61.58 USD

2024-06-26 * "Sell shares of VEA"
  Assets:US:ETrade:VEA                                -25 VEA {94.63 USD, 2023-11-11} @ 101.04 USD
  Assets:US:ETrade:Cash                           2517.05 USD
  Expenses:Financial:Commissions                     8.95 USD
  Income:US:ETrade:PnL                            -160.25 USD

2024-07-11 * "Buy shares of VEA"
  Assets:US:ETrade:Cash                           -514.90 USD
  Assets:US:ETrade:VEA                                  5 VEA {101.19 USD, 2024-07-11}
  Expenses:Financial:Commissions                     8.95 USD

2024-07-11 * "Buy shares of GLD"
  Assets:US:ETrade:Cash                           -600.03 USD
  Assets:US:ETrade:GLD                                  7 GLD {84.44 USD, 2024-07-11}
  Expenses:Financial:Commissions                     8.95 USD

2024-07-11 * "Buy shares of VHT"
  Assets:US:ETrade:Cash                           -441.49 USD
  Assets:US:ETrade:VHT                                  2 VHT {216.27 USD, 2024-07-11}
  Expenses:Financial:Commissions                     8.95 USD

2024-07-11 * "Buy shares of ITOT"
  Assets:US:ETrade:Cash                           -571.75 USD
  Assets:US:ETrade:ITOT                                10 ITOT {56.28 USD, 2024-07-11}
  Expenses:Financial:Commissions                     8.95 USD

2024-09-08 * "Sell shares of ITOT"
  Assets:US:ETrade:ITOT                               -41 ITOT {60.10 USD, 2024-03-28} @ 55.07 USD
  Assets:US:ETrade:Cash                           2248.92 USD
  Expenses:Financial:Commissions                     8.95 USD
  Income:US:ETrade:PnL                             206.23 USD

2024-09-17 * "Dividends on portfolio"
  Assets:US:ETrade:Cash                             69.95 USD
  Income:US:ETrade:VHT:Dividend                    -69.95 USD

2024-09-27 * "Buy shares of VEA"
  Assets:US:ETrade:Cash                          -6657.15 USD
  Assets:US:ETrade:VEA                                 65 VEA {102.28 USD, 2024-09-27}
  Expenses:Financial:Commissions                     8.95 USD

2024-10-23 * "Sell shares of VEA"
  Assets:US:ETrade:VEA                                -11 VEA {95.58 USD, 2023-09-29} @ 101.89 USD
  Assets:US:ETrade:Cash                           1111.84 USD
  Expenses:Financial:Commissions                     8.95 USD
  Income:US:ETrade:PnL                             -69.41 USD

2024-10-28 * "Buy shares of VEA"
  Assets:US:ETrade:Cash                           -211.43 USD
  Assets:US:ETrade:VEA                                  2 VEA {101.24 USD, 2024-10-28}
  Expenses:Financial:Commissions                     8.95 USD

2024-10-28 * "Buy shares of GLD"
  Assets:US:ETrade:Cash                           -269.38 USD
  Assets:US:ETrade:GLD                                  3 GLD {86.81 USD, 2024-10-28}
  Expenses:Financial:Commissions                     8.95 USD

2024-10-28 * "Buy shares of ITOT"
  Assets:US:ETrade:Cash                           -278.50 USD
  Assets:US:ETrade:ITOT                                 5 ITOT {53.91 USD, 2024-10-28}
  Expenses:Financial:Commissions                     8.95 USD

2024-11-09 * "Sell shares of VEA"
  Assets:US:ETrade:VEA                                -65 VEA {102.28 USD, 2024-09-27} @ 99.71 USD
  Assets:US:ETrade:Cash                           6472.20 USD
  Expenses:Financial:Commissions                     8.95 USD
  Income:US:ETrade:PnL                             167.05 USD

2024-12-04 * "Buy shares of GLD"
  Assets:US:ETrade:Cash                          -5630.25 USD
  Assets:US:ETrade:GLD                                 67 GLD {83.90 USD, 2024-12-04}
  Expenses:Financial:Commissions                     8.95 USD

2024-12-04 * "Buy shares of ITOT"
  Assets:US:ETrade:Cash                          -5684.23 USD
  Assets:US:ETrade:ITOT                               102 ITOT {55.64 USD, 2024-12-04}
  Expenses:Financial:Commissions                     8.95 USD

2024-12-17 * "Dividends on portfolio"
  Assets:US:ETrade:Cash                            144.66 USD
  Income:US:ETrade:GLD:Dividend                   -144.66 USD

2025-03-18 * "Dividends on portfolio"
  Assets:US:ETrade:Cash                            144.66 USD
  Income:US:ETrade:VEA:Dividend                   -144.66 USD

2025-04-27 * "Buy shares of ITOT"
  Assets:US:ETrade:Cash                           -764.11 USD
  Assets:US:ETrade:ITOT                                14 ITOT {53.94 USD, 2025-04-27}
  Expenses:Financial:Commissions                     8.95 USD

2025-04-27 * "Buy shares of GLD"
  Assets:US:ETrade:Cash                           -792.40 USD
  Assets:US:ETrade:GLD                                  9 GLD {87.05 USD, 2025-04-27}
  Expenses:Financial:Commissions                     8.95 USD

2025-04-27 * "Buy shares of VHT"
  Assets:US:ETrade:Cash                           -702.10 USD
  Assets:US:ETrade:VHT                                  3 VHT {231.05 USD, 2025-04-27}
  Expenses:Financial:Commissions                     8.95 USD

2025-04-27 * "Buy shares of VEA"
  Assets:US:ETrade:Cash                           -743.46 USD
  Assets:US:ETrade:VEA                                  7 VEA {104.93 USD, 2025-04-27}
  Expenses:Financial:Commissions                     8.95 USD



* Vanguard Investments

2023-01-01 open Assets:US:Vanguard:VBMPX                     VBMPX
  number: "882882"
2023-01-01 open Assets:US:Vanguard:RGAGX                     RGAGX
  number: "882882"
2023-01-01 open Assets:US:Vanguard                            USD
  institution: "Vanguard Group"
  address: "P.O. Box 1110, Valley Forge, PA 19482-1110"
  phone: "+1.800.523.1188"
2023-01-01 open Income:US:Babble:Match401k                   USD
2023-01-01 open Assets:US:Vanguard:Cash                       USD
  number: "882882"

2023-01-06 * "Employer match for contribution"
  Assets:US:Vanguard:Cash                          600.00 USD
  Income:US:Babble:Match401k                      -600.00 USD

2023-01-09 * "Investing 40% of cash in VBMPX"
  Assets:US:Vanguard:VBMPX                         11.007 VBMPX {43.61 USD, 2023-01-09}
  Assets:US:Vanguard:Cash                         -480.02 USD

2023-01-09 * "Investing 60% of cash in RGAGX"
  Assets:US:Vanguard:RGAGX                          3.798 RGAGX {189.58 USD, 2023-01-09}
  Assets:US:Vanguard:Cash                         -720.02 USD

2023-01-09 * "Investing 40% of cash in VBMPX"
  Assets:US:Vanguard:VBMPX                          5.503 VBMPX {43.61 USD, 2023-01-09}
  Assets:US:Vanguard:Cash                         -239.99 USD

2023-01-09 * "Investing 60% of cash in RGAGX"
  Assets:US:Vanguard:RGAGX                          1.899 RGAGX {189.58 USD, 2023-01-09}
  Assets:US:Vanguard:Cash                         -360.01 USD

2023-01-20 * "Employer match for contribution"
  Assets:US:Vanguard:Cash                          600.00 USD
  Income:US:Babble:Match401k                      -600.00 USD

2023-01-23 * "Investing 40% of cash in VBMPX"
  Assets:US:Vanguard:VBMPX                         10.823 VBMPX {44.35 USD, 2023-01-23}
  Assets:US:Vanguard:Cash                         -480.00 USD

2023-01-23 * "Investing 60% of cash in RGAGX"
  Assets:US:Vanguard:RGAGX                          3.841 RGAGX {187.46 USD, 2023-01-23}
  Assets:US:Vanguard:Cash                         -720.03 USD

2023-01-23 * "Investing 40% of cash in VBMPX"
  Assets:US:Vanguard:VBMPX                          5.411 VBMPX {44.35 USD, 2023-01-23}
  Assets:US:Vanguard:Cash                         -239.98 USD

2023-01-23 * "Investing 60% of cash in RGAGX"
  Assets:US:Vanguard:RGAGX                          1.920 RGAGX {187.46 USD, 2023-01-23}
  Assets:US:Vanguard:Cash                         -359.92 USD

2023-02-03 * "Employer match for contribution"
  Assets:US:Vanguard:Cash                          600.00 USD
  Income:US:Babble:Match401k                      -600.00 USD

2023-02-06 * "Investing 40% of cash in VBMPX"
  Assets:US:Vanguard:VBMPX                         10.792 VBMPX {44.48 USD, 2023-02-06}
  Assets:US:Vanguard:Cash                         -480.03 USD

2023-02-06 * "Investing 60% of cash in RGAGX"
  Assets:US:Vanguard:RGAGX                          3.857 RGAGX {186.66 USD, 2023-02-06}
  Assets:US:Vanguard:Cash                         -719.95 USD

2023-02-06 * "Investing 40% of cash in VBMPX"
  Assets:US:Vanguard:VBMPX                          5.396 VBMPX {44.48 USD, 2023-02-06}
  Assets:US:Vanguard:Cash                         -240.01 USD

2023-02-06 * "Investing 60% of cash in RGAGX"
  Assets:US:Vanguard:RGAGX                          1.929 RGAGX {186.66 USD, 2023-02-06}
  Assets:US:Vanguard:Cash                         -360.07 USD

2023-02-17 * "Employer match for contribution"
  Assets:US:Vanguard:Cash                          600.00 USD
  Income:US:Babble:Match401k                      -600.00 USD

2023-02-20 * "Investing 40% of cash in VBMPX"
  Assets:US:Vanguard:VBMPX                         11.189 VBMPX {42.90 USD, 2023-02-20}
  Assets:US:Vanguard:Cash                         -480.01 USD

2023-02-20 * "Investing 60% of cash in RGAGX"
  Assets:US:Vanguard:RGAGX                          3.858 RGAGX {186.61 USD, 2023-02-20}
  Assets:US:Vanguard:Cash                         -719.94 USD

2023-02-20 * "Investing 40% of cash in VBMPX"
  Assets:US:Vanguard:VBMPX                          5.595 VBMPX {42.90 USD, 2023-02-20}
  Assets:US:Vanguard:Cash                         -240.03 USD

2023-02-20 * "Investing 60% of cash in RGAGX"
  Assets:US:Vanguard:RGAGX                          1.929 RGAGX {186.61 USD, 2023-02-20}
  Assets:US:Vanguard:Cash                         -359.97 USD

2023-03-03 * "Employer match for contribution"
  Assets:US:Vanguard:Cash                          600.00 USD
  Income:US:Babble:Match401k                      -600.00 USD

2023-03-06 * "Investing 40% of cash in VBMPX"
  Assets:US:Vanguard:VBMPX                         10.794 VBMPX {44.47 USD, 2023-03-06}
  Assets:US:Vanguard:Cash                         -480.01 USD

2023-03-06 * "Investing 60% of cash in RGAGX"
  Assets:US:Vanguard:RGAGX                          3.799 RGAGX {189.51 USD, 2023-03-06}
  Assets:US:Vanguard:Cash                         -719.95 USD

2023-03-06 * "Investing 40% of cash in VBMPX"
  Assets:US:Vanguard:VBMPX                          5.397 VBMPX {44.47 USD, 2023-03-06}
  Assets:US:Vanguard:Cash                         -240.00 USD

2023-03-06 * "Investing 60% of cash in RGAGX"
  Assets:US:Vanguard:RGAGX                          1.900 RGAGX {189.51 USD, 2023-03-06}
  Assets:US:Vanguard:Cash                         -360.07 USD

2023-03-17 * "Employer match for contribution"
  Assets:US:Vanguard:Cash                          600.00 USD
  Income:US:Babble:Match401k                      -600.00 USD

2023-03-20 * "Investing 40% of cash in VBMPX"
  Assets:US:Vanguard:VBMPX                         10.265 VBMPX {46.76 USD, 2023-03-20}
  Assets:US:Vanguard:Cash                         -479.99 USD

2023-03-20 * "Investing 60% of cash in RGAGX"
  Assets:US:Vanguard:RGAGX                          3.710 RGAGX {194.08 USD, 2023-03-20}
  Assets:US:Vanguard:Cash                         -720.04 USD

2023-03-20 * "Investing 40% of cash in VBMPX"
  Assets:US:Vanguard:VBMPX                          5.132 VBMPX {46.76 USD, 2023-03-20}
  Assets:US:Vanguard:Cash                         -239.97 USD

2023-03-20 * "Investing 60% of cash in RGAGX"
  Assets:US:Vanguard:RGAGX                          1.855 RGAGX {194.08 USD, 2023-03-20}
  Assets:US:Vanguard:Cash                         -360.02 USD

2023-03-31 * "Employer match for contribution"
  Assets:US:Vanguard:Cash                          600.00 USD
  Income:US:Babble:Match401k                      -600.00 USD

2023-04-03 * "Investing 40% of cash in VBMPX"
  Assets:US:Vanguard:VBMPX                         10.693 VBMPX {44.89 USD, 2023-04-03}
  Assets:US:Vanguard:Cash                         -480.01 USD

2023-04-03 * "Investing 60% of cash in RGAGX"
  Assets:US:Vanguard:RGAGX                          3.720 RGAGX {193.52 USD, 2023-04-03}
  Assets:US:Vanguard:Cash                         -719.89 USD

2023-04-03 * "Investing 40% of cash in VBMPX"
  Assets:US:Vanguard:VBMPX                          5.347 VBMPX {44.89 USD, 2023-04-03}
  Assets:US:Vanguard:Cash                         -240.03 USD

2023-04-03 * "Investing 60% of cash in RGAGX"
  Assets:US:Vanguard:RGAGX                          1.860 RGAGX {193.52 USD, 2023-04-03}
  Assets:US:Vanguard:Cash                         -359.95 USD

2023-04-14 * "Employer match for contribution"
  Assets:US:Vanguard:Cash                          600.00 USD
  Income:US:Babble:Match401k                      -600.00 USD

2023-04-17 * "Investing 40% of cash in VBMPX"
  Assets:US:Vanguard:VBMPX                         10.843 VBMPX {44.27 USD, 2023-04-17}
  Assets:US:Vanguard:Cash                         -480.02 USD

2023-04-17 * "Investing 60% of cash in RGAGX"
  Assets:US:Vanguard:RGAGX                          3.664 RGAGX {196.50 USD, 2023-04-17}
  Assets:US:Vanguard:Cash                         -719.98 USD

2023-04-17 * "Investing 40% of cash in VBMPX"
  Assets:US:Vanguard:VBMPX                          5.422 VBMPX {44.27 USD, 2023-04-17}
  Assets:US:Vanguard:Cash                         -240.03 USD

2023-04-17 * "Investing 60% of cash in RGAGX"
  Assets:US:Vanguard:RGAGX                          1.832 RGAGX {196.50 USD, 2023-04-17}
  Assets:US:Vanguard:Cash                         -359.99 USD

2023-04-28 * "Employer match for contribution"
  Assets:US:Vanguard:Cash                          600.00 USD
  Income:US:Babble:Match401k                      -600.00 USD

2023-05-01 * "Investing 40% of cash in VBMPX"
  Assets:US:Vanguard:VBMPX                         10.826 VBMPX {44.34 USD, 2023-05-01}
  Assets:US:Vanguard:Cash                         -480.02 USD

2023-05-01 * "Investing 60% of cash in RGAGX"
  Assets:US:Vanguard:RGAGX                          3.735 RGAGX {192.78 USD, 2023-05-01}
  Assets:US:Vanguard:Cash                         -720.03 USD

2023-05-01 * "Investing 40% of cash in VBMPX"
  Assets:US:Vanguard:VBMPX                          5.413 VBMPX {44.34 USD, 2023-05-01}
  Assets:US:Vanguard:Cash                         -240.01 USD

2023-05-01 * "Investing 60% of cash in RGAGX"
  Assets:US:Vanguard:RGAGX                          1.867 RGAGX {192.78 USD, 2023-05-01}
  Assets:US:Vanguard:Cash                         -359.92 USD

2023-05-12 * "Employer match for contribution"
  Assets:US:Vanguard:Cash                          600.00 USD
  Income:US:Babble:Match401k                      -600.00 USD

2023-05-15 * "Investing 40% of cash in VBMPX"
  Assets:US:Vanguard:VBMPX                         10.417 VBMPX {46.08 USD, 2023-05-15}
  Assets:US:Vanguard:Cash                         -480.02 USD

2023-05-15 * "Investing 60% of cash in RGAGX"
  Assets:US:Vanguard:RGAGX                          3.840 RGAGX {187.52 USD, 2023-05-15}
  Assets:US:Vanguard:Cash                         -720.08 USD

2023-05-15 * "Investing 40% of cash in VBMPX"
  Assets:US:Vanguard:VBMPX                          5.208 VBMPX {46.08 USD, 2023-05-15}
  Assets:US:Vanguard:Cash                         -239.98 USD

2023-05-15 * "Investing 60% of cash in RGAGX"
  Assets:US:Vanguard:RGAGX                          1.920 RGAGX {187.52 USD, 2023-05-15}
  Assets:US:Vanguard:Cash                         -360.04 USD

2023-05-26 * "Employer match for contribution"
  Assets:US:Vanguard:Cash                          600.00 USD
  Income:US:Babble:Match401k                      -600.00 USD

2023-05-29 * "Investing 40% of cash in VBMPX"
  Assets:US:Vanguard:VBMPX                         10.340 VBMPX {46.42 USD, 2023-05-29}
  Assets:US:Vanguard:Cash                         -479.98 USD

2023-05-29 * "Investing 60% of cash in RGAGX"
  Assets:US:Vanguard:RGAGX                          3.847 RGAGX {187.17 USD, 2023-05-29}
  Assets:US:Vanguard:Cash                         -720.04 USD

2023-05-29 * "Investing 40% of cash in VBMPX"
  Assets:US:Vanguard:VBMPX                          5.170 VBMPX {46.42 USD, 2023-05-29}
  Assets:US:Vanguard:Cash                         -239.99 USD

2023-05-29 * "Investing 60% of cash in RGAGX"
  Assets:US:Vanguard:RGAGX                          1.923 RGAGX {187.17 USD, 2023-05-29}
  Assets:US:Vanguard:Cash                         -359.93 USD

2023-06-09 * "Employer match for contribution"
  Assets:US:Vanguard:Cash                          600.00 USD
  Income:US:Babble:Match401k                      -600.00 USD

2023-06-12 * "Investing 40% of cash in VBMPX"
  Assets:US:Vanguard:VBMPX                         10.000 VBMPX {48.00 USD, 2023-06-12}
  Assets:US:Vanguard:Cash                         -480.00 USD

2023-06-12 * "Investing 60% of cash in RGAGX"
  Assets:US:Vanguard:RGAGX                          3.954 RGAGX {182.08 USD, 2023-06-12}
  Assets:US:Vanguard:Cash                         -719.94 USD

2023-06-12 * "Investing 40% of cash in VBMPX"
  Assets:US:Vanguard:VBMPX                          5.001 VBMPX {48.00 USD, 2023-06-12}
  Assets:US:Vanguard:Cash                         -240.05 USD

2023-06-12 * "Investing 60% of cash in RGAGX"
  Assets:US:Vanguard:RGAGX                          1.977 RGAGX {182.08 USD, 2023-06-12}
  Assets:US:Vanguard:Cash                         -359.97 USD

2023-06-23 * "Employer match for contribution"
  Assets:US:Vanguard:Cash                          600.00 USD
  Income:US:Babble:Match401k                      -600.00 USD

2023-06-26 * "Investing 40% of cash in VBMPX"
  Assets:US:Vanguard:VBMPX                          9.920 VBMPX {48.39 USD, 2023-06-26}
  Assets:US:Vanguard:Cash                         -480.03 USD

2023-06-26 * "Investing 60% of cash in RGAGX"
  Assets:US:Vanguard:RGAGX                          3.960 RGAGX {181.81 USD, 2023-06-26}
  Assets:US:Vanguard:Cash                         -719.97 USD

2023-06-26 * "Investing 40% of cash in VBMPX"
  Assets:US:Vanguard:VBMPX                          4.960 VBMPX {48.39 USD, 2023-06-26}
  Assets:US:Vanguard:Cash                         -240.01 USD

2023-06-26 * "Investing 60% of cash in RGAGX"
  Assets:US:Vanguard:RGAGX                          1.980 RGAGX {181.81 USD, 2023-06-26}
  Assets:US:Vanguard:Cash                         -359.98 USD

2023-07-07 * "Employer match for contribution"
  Assets:US:Vanguard:Cash                          600.00 USD
  Income:US:Babble:Match401k                      -600.00 USD

2023-07-10 * "Investing 40% of cash in VBMPX"
  Assets:US:Vanguard:VBMPX                          9.955 VBMPX {48.22 USD, 2023-07-10}
  Assets:US:Vanguard:Cash                         -480.03 USD

2023-07-10 * "Investing 60% of cash in RGAGX"
  Assets:US:Vanguard:RGAGX                          3.934 RGAGX {183.02 USD, 2023-07-10}
  Assets:US:Vanguard:Cash                         -720.00 USD

2023-07-10 * "Investing 40% of cash in VBMPX"
  Assets:US:Vanguard:VBMPX                          4.978 VBMPX {48.22 USD, 2023-07-10}
  Assets:US:Vanguard:Cash                         -240.04 USD

2023-07-10 * "Investing 60% of cash in RGAGX"
  Assets:US:Vanguard:RGAGX                          1.967 RGAGX {183.02 USD, 2023-07-10}
  Assets:US:Vanguard:Cash                         -360.00 USD

2023-07-21 * "Employer match for contribution"
  Assets:US:Vanguard:Cash                          600.00 USD
  Income:US:Babble:Match401k                      -600.00 USD

2023-07-24 * "Investing 40% of cash in VBMPX"
  Assets:US:Vanguard:VBMPX                          9.798 VBMPX {48.99 USD, 2023-07-24}
  Assets:US:Vanguard:Cash                         -480.00 USD

2023-07-24 * "Investing 60% of cash in RGAGX"
  Assets:US:Vanguard:RGAGX                          3.928 RGAGX {183.31 USD, 2023-07-24}
  Assets:US:Vanguard:Cash                         -720.04 USD

2023-07-24 * "Investing 40% of cash in VBMPX"
  Assets:US:Vanguard:VBMPX                          4.899 VBMPX {48.99 USD, 2023-07-24}
  Assets:US:Vanguard:Cash                         -240.00 USD

2023-07-24 * "Investing 60% of cash in RGAGX"
  Assets:US:Vanguard:RGAGX                          1.964 RGAGX {183.31 USD, 2023-07-24}
  Assets:US:Vanguard:Cash                         -360.02 USD

2023-08-04 * "Employer match for contribution"
  Assets:US:Vanguard:Cash                          250.00 USD
  Income:US:Babble:Match401k                      -250.00 USD

2023-08-07 * "Investing 40% of cash in VBMPX"
  Assets:US:Vanguard:VBMPX                          3.921 VBMPX {51.00 USD, 2023-08-07}
  Assets:US:Vanguard:Cash                         -199.97 USD

2023-08-07 * "Investing 60% of cash in RGAGX"
  Assets:US:Vanguard:RGAGX                          1.666 RGAGX {180.08 USD, 2023-08-07}
  Assets:US:Vanguard:Cash                         -300.01 USD

2023-08-07 * "Investing 40% of cash in VBMPX"
  Assets:US:Vanguard:VBMPX                          1.961 VBMPX {51.00 USD, 2023-08-07}
  Assets:US:Vanguard:Cash                         -100.01 USD

2023-08-07 * "Investing 60% of cash in RGAGX"
  Assets:US:Vanguard:RGAGX                          0.833 RGAGX {180.08 USD, 2023-08-07}
  Assets:US:Vanguard:Cash                         -150.01 USD

2024-01-05 * "Employer match for contribution"
  Assets:US:Vanguard:Cash                          600.00 USD
  Income:US:Babble:Match401k                      -600.00 USD

2024-01-08 * "Investing 40% of cash in VBMPX"
  Assets:US:Vanguard:VBMPX                          8.349 VBMPX {57.49 USD, 2024-01-08}
  Assets:US:Vanguard:Cash                         -479.98 USD

2024-01-08 * "Investing 60% of cash in RGAGX"
  Assets:US:Vanguard:RGAGX                          3.826 RGAGX {188.19 USD, 2024-01-08}
  Assets:US:Vanguard:Cash                         -720.01 USD

2024-01-08 * "Investing 40% of cash in VBMPX"
  Assets:US:Vanguard:VBMPX                          4.174 VBMPX {57.49 USD, 2024-01-08}
  Assets:US:Vanguard:Cash                         -239.96 USD

2024-01-08 * "Investing 60% of cash in RGAGX"
  Assets:US:Vanguard:RGAGX                          1.913 RGAGX {188.19 USD, 2024-01-08}
  Assets:US:Vanguard:Cash                         -360.01 USD

2024-01-19 * "Employer match for contribution"
  Assets:US:Vanguard:Cash                          600.00 USD
  Income:US:Babble:Match401k                      -600.00 USD

2024-01-22 * "Investing 40% of cash in VBMPX"
  Assets:US:Vanguard:VBMPX                          8.524 VBMPX {56.31 USD, 2024-01-22}
  Assets:US:Vanguard:Cash                         -479.99 USD

2024-01-22 * "Investing 60% of cash in RGAGX"
  Assets:US:Vanguard:RGAGX                          3.674 RGAGX {195.99 USD, 2024-01-22}
  Assets:US:Vanguard:Cash                         -720.07 USD

2024-01-22 * "Investing 40% of cash in VBMPX"
  Assets:US:Vanguard:VBMPX                          4.262 VBMPX {56.31 USD, 2024-01-22}
  Assets:US:Vanguard:Cash                         -239.99 USD

2024-01-22 * "Investing 60% of cash in RGAGX"
  Assets:US:Vanguard:RGAGX                          1.837 RGAGX {195.99 USD, 2024-01-22}
  Assets:US:Vanguard:Cash                         -360.03 USD

2024-02-02 * "Employer match for contribution"
  Assets:US:Vanguard:Cash                          600.00 USD
  Income:US:Babble:Match401k                      -600.00 USD

2024-02-05 * "Investing 40% of cash in VBMPX"
  Assets:US:Vanguard:VBMPX                          8.415 VBMPX {57.04 USD, 2024-02-05}
  Assets:US:Vanguard:Cash                         -479.99 USD

2024-02-05 * "Investing 60% of cash in RGAGX"
  Assets:US:Vanguard:RGAGX                          3.646 RGAGX {197.46 USD, 2024-02-05}
  Assets:US:Vanguard:Cash                         -719.94 USD

2024-02-05 * "Investing 40% of cash in VBMPX"
  Assets:US:Vanguard:VBMPX                          4.207 VBMPX {57.04 USD, 2024-02-05}
  Assets:US:Vanguard:Cash                         -239.97 USD

2024-02-05 * "Investing 60% of cash in RGAGX"
  Assets:US:Vanguard:RGAGX                          1.823 RGAGX {197.46 USD, 2024-02-05}
  Assets:US:Vanguard:Cash                         -359.97 USD

2024-02-16 * "Employer match for contribution"
  Assets:US:Vanguard:Cash                          600.00 USD
  Income:US:Babble:Match401k                      -600.00 USD

2024-02-19 * "Investing 40% of cash in VBMPX"
  Assets:US:Vanguard:VBMPX                          8.266 VBMPX {58.07 USD, 2024-02-19}
  Assets:US:Vanguard:Cash                         -480.01 USD

2024-02-19 * "Investing 60% of cash in RGAGX"
  Assets:US:Vanguard:RGAGX                          3.651 RGAGX {197.20 USD, 2024-02-19}
  Assets:US:Vanguard:Cash                         -719.98 USD

2024-02-19 * "Investing 40% of cash in VBMPX"
  Assets:US:Vanguard:VBMPX                          4.133 VBMPX {58.07 USD, 2024-02-19}
  Assets:US:Vanguard:Cash                         -240.00 USD

2024-02-19 * "Investing 60% of cash in RGAGX"
  Assets:US:Vanguard:RGAGX                          1.826 RGAGX {197.20 USD, 2024-02-19}
  Assets:US:Vanguard:Cash                         -360.09 USD

2024-03-01 * "Employer match for contribution"
  Assets:US:Vanguard:Cash                          600.00 USD
  Income:US:Babble:Match401k                      -600.00 USD

2024-03-04 * "Investing 40% of cash in VBMPX"
  Assets:US:Vanguard:VBMPX                          8.249 VBMPX {58.19 USD, 2024-03-04}
  Assets:US:Vanguard:Cash                         -480.01 USD

2024-03-04 * "Investing 60% of cash in RGAGX"
  Assets:US:Vanguard:RGAGX                          3.628 RGAGX {198.46 USD, 2024-03-04}
  Assets:US:Vanguard:Cash                         -720.01 USD

2024-03-04 * "Investing 40% of cash in VBMPX"
  Assets:US:Vanguard:VBMPX                          4.124 VBMPX {58.19 USD, 2024-03-04}
  Assets:US:Vanguard:Cash                         -239.98 USD

2024-03-04 * "Investing 60% of cash in RGAGX"
  Assets:US:Vanguard:RGAGX                          1.814 RGAGX {198.46 USD, 2024-03-04}
  Assets:US:Vanguard:Cash                         -360.01 USD

2024-03-15 * "Employer match for contribution"
  Assets:US:Vanguard:Cash                          600.00 USD
  Income:US:Babble:Match401k                      -600.00 USD

2024-03-18 * "Investing 40% of cash in VBMPX"
  Assets:US:Vanguard:VBMPX                          8.226 VBMPX {58.35 USD, 2024-03-18}
  Assets:US:Vanguard:Cash                         -479.99 USD

2024-03-18 * "Investing 60% of cash in RGAGX"
  Assets:US:Vanguard:RGAGX                          3.517 RGAGX {204.71 USD, 2024-03-18}
  Assets:US:Vanguard:Cash                         -719.97 USD

2024-03-18 * "Investing 40% of cash in VBMPX"
  Assets:US:Vanguard:VBMPX                          4.113 VBMPX {58.35 USD, 2024-03-18}
  Assets:US:Vanguard:Cash                         -239.99 USD

2024-03-18 * "Investing 60% of cash in RGAGX"
  Assets:US:Vanguard:RGAGX                          1.759 RGAGX {204.71 USD, 2024-03-18}
  Assets:US:Vanguard:Cash                         -360.08 USD

2024-03-29 * "Employer match for contribution"
  Assets:US:Vanguard:Cash                          600.00 USD
  Income:US:Babble:Match401k                      -600.00 USD

2024-04-01 * "Investing 40% of cash in VBMPX"
  Assets:US:Vanguard:VBMPX                          8.603 VBMPX {55.79 USD, 2024-04-01}
  Assets:US:Vanguard:Cash                         -479.96 USD

2024-04-01 * "Investing 60% of cash in RGAGX"
  Assets:US:Vanguard:RGAGX                          3.630 RGAGX {198.34 USD, 2024-04-01}
  Assets:US:Vanguard:Cash                         -719.97 USD

2024-04-01 * "Investing 40% of cash in VBMPX"
  Assets:US:Vanguard:VBMPX                          4.302 VBMPX {55.79 USD, 2024-04-01}
  Assets:US:Vanguard:Cash                         -240.01 USD

2024-04-01 * "Investing 60% of cash in RGAGX"
  Assets:US:Vanguard:RGAGX                          1.815 RGAGX {198.34 USD, 2024-04-01}
  Assets:US:Vanguard:Cash                         -359.99 USD

2024-04-12 * "Employer match for contribution"
  Assets:US:Vanguard:Cash                          600.00 USD
  Income:US:Babble:Match401k                      -600.00 USD

2024-04-15 * "Investing 40% of cash in VBMPX"
  Assets:US:Vanguard:VBMPX                          8.374 VBMPX {57.32 USD, 2024-04-15}
  Assets:US:Vanguard:Cash                         -480.00 USD

2024-04-15 * "Investing 60% of cash in RGAGX"
  Assets:US:Vanguard:RGAGX                          3.517 RGAGX {204.72 USD, 2024-04-15}
  Assets:US:Vanguard:Cash                         -720.00 USD

2024-04-15 * "Investing 40% of cash in VBMPX"
  Assets:US:Vanguard:VBMPX                          4.187 VBMPX {57.32 USD, 2024-04-15}
  Assets:US:Vanguard:Cash                         -240.00 USD

2024-04-15 * "Investing 60% of cash in RGAGX"
  Assets:US:Vanguard:RGAGX                          1.758 RGAGX {204.72 USD, 2024-04-15}
  Assets:US:Vanguard:Cash                         -359.90 USD

2024-04-26 * "Employer match for contribution"
  Assets:US:Vanguard:Cash                          600.00 USD
  Income:US:Babble:Match401k                      -600.00 USD

2024-04-29 * "Investing 40% of cash in VBMPX"
  Assets:US:Vanguard:VBMPX                          8.244 VBMPX {58.23 USD, 2024-04-29}
  Assets:US:Vanguard:Cash                         -480.05 USD

2024-04-29 * "Investing 60% of cash in RGAGX"
  Assets:US:Vanguard:RGAGX                          3.547 RGAGX {202.98 USD, 2024-04-29}
  Assets:US:Vanguard:Cash                         -719.97 USD

2024-04-29 * "Investing 40% of cash in VBMPX"
  Assets:US:Vanguard:VBMPX                          4.122 VBMPX {58.23 USD, 2024-04-29}
  Assets:US:Vanguard:Cash                         -240.02 USD

2024-04-29 * "Investing 60% of cash in RGAGX"
  Assets:US:Vanguard:RGAGX                          1.774 RGAGX {202.98 USD, 2024-04-29}
  Assets:US:Vanguard:Cash                         -360.09 USD

2024-05-10 * "Employer match for contribution"
  Assets:US:Vanguard:Cash                          600.00 USD
  Income:US:Babble:Match401k                      -600.00 USD

2024-05-13 * "Investing 40% of cash in VBMPX"
  Assets:US:Vanguard:VBMPX                          8.263 VBMPX {58.09 USD, 2024-05-13}
  Assets:US:Vanguard:Cash                         -480.00 USD

2024-05-13 * "Investing 60% of cash in RGAGX"
  Assets:US:Vanguard:RGAGX                          3.462 RGAGX {207.96 USD, 2024-05-13}
  Assets:US:Vanguard:Cash                         -719.96 USD

2024-05-13 * "Investing 40% of cash in VBMPX"
  Assets:US:Vanguard:VBMPX                          4.132 VBMPX {58.09 USD, 2024-05-13}
  Assets:US:Vanguard:Cash                         -240.03 USD

2024-05-13 * "Investing 60% of cash in RGAGX"
  Assets:US:Vanguard:RGAGX                          1.731 RGAGX {207.96 USD, 2024-05-13}
  Assets:US:Vanguard:Cash                         -359.98 USD

2024-05-24 * "Employer match for contribution"
  Assets:US:Vanguard:Cash                          600.00 USD
  Income:US:Babble:Match401k                      -600.00 USD

2024-05-27 * "Investing 40% of cash in VBMPX"
  Assets:US:Vanguard:VBMPX                          8.374 VBMPX {57.32 USD, 2024-05-27}
  Assets:US:Vanguard:Cash                         -480.00 USD

2024-05-27 * "Investing 60% of cash in RGAGX"
  Assets:US:Vanguard:RGAGX                          3.391 RGAGX {212.33 USD, 2024-05-27}
  Assets:US:Vanguard:Cash                         -720.01 USD

2024-05-27 * "Investing 40% of cash in VBMPX"
  Assets:US:Vanguard:VBMPX                          4.187 VBMPX {57.32 USD, 2024-05-27}
  Assets:US:Vanguard:Cash                         -240.00 USD

2024-05-27 * "Investing 60% of cash in RGAGX"
  Assets:US:Vanguard:RGAGX                          1.695 RGAGX {212.33 USD, 2024-05-27}
  Assets:US:Vanguard:Cash                         -359.90 USD

2024-06-07 * "Employer match for contribution"
  Assets:US:Vanguard:Cash                          600.00 USD
  Income:US:Babble:Match401k                      -600.00 USD

2024-06-10 * "Investing 40% of cash in VBMPX"
  Assets:US:Vanguard:VBMPX                          7.959 VBMPX {60.31 USD, 2024-06-10}
  Assets:US:Vanguard:Cash                         -480.01 USD

2024-06-10 * "Investing 60% of cash in RGAGX"
  Assets:US:Vanguard:RGAGX                          3.355 RGAGX {214.60 USD, 2024-06-10}
  Assets:US:Vanguard:Cash                         -719.98 USD

2024-06-10 * "Investing 40% of cash in VBMPX"
  Assets:US:Vanguard:VBMPX                          3.980 VBMPX {60.31 USD, 2024-06-10}
  Assets:US:Vanguard:Cash                         -240.03 USD

2024-06-10 * "Investing 60% of cash in RGAGX"
  Assets:US:Vanguard:RGAGX                          1.678 RGAGX {214.60 USD, 2024-06-10}
  Assets:US:Vanguard:Cash                         -360.10 USD

2024-06-21 * "Employer match for contribution"
  Assets:US:Vanguard:Cash                          600.00 USD
  Income:US:Babble:Match401k                      -600.00 USD

2024-06-24 * "Investing 40% of cash in VBMPX"
  Assets:US:Vanguard:VBMPX                          8.287 VBMPX {57.92 USD, 2024-06-24}
  Assets:US:Vanguard:Cash                         -479.98 USD

2024-06-24 * "Investing 60% of cash in RGAGX"
  Assets:US:Vanguard:RGAGX                          3.350 RGAGX {214.94 USD, 2024-06-24}
  Assets:US:Vanguard:Cash                         -720.05 USD

2024-06-24 * "Investing 40% of cash in VBMPX"
  Assets:US:Vanguard:VBMPX                          4.143 VBMPX {57.92 USD, 2024-06-24}
  Assets:US:Vanguard:Cash                         -239.96 USD

2024-06-24 * "Investing 60% of cash in RGAGX"
  Assets:US:Vanguard:RGAGX                          1.675 RGAGX {214.94 USD, 2024-06-24}
  Assets:US:Vanguard:Cash                         -360.02 USD

2024-07-05 * "Employer match for contribution"
  Assets:US:Vanguard:Cash                          600.00 USD
  Income:US:Babble:Match401k                      -600.00 USD

2024-07-08 * "Investing 40% of cash in VBMPX"
  Assets:US:Vanguard:VBMPX                          8.406 VBMPX {57.10 USD, 2024-07-08}
  Assets:US:Vanguard:Cash                         -479.98 USD

2024-07-08 * "Investing 60% of cash in RGAGX"
  Assets:US:Vanguard:RGAGX                          3.314 RGAGX {217.25 USD, 2024-07-08}
  Assets:US:Vanguard:Cash                         -719.97 USD

2024-07-08 * "Investing 40% of cash in VBMPX"
  Assets:US:Vanguard:VBMPX                          4.203 VBMPX {57.10 USD, 2024-07-08}
  Assets:US:Vanguard:Cash                         -239.99 USD

2024-07-08 * "Investing 60% of cash in RGAGX"
  Assets:US:Vanguard:RGAGX                          1.657 RGAGX {217.25 USD, 2024-07-08}
  Assets:US:Vanguard:Cash                         -359.98 USD

2024-07-19 * "Employer match for contribution"
  Assets:US:Vanguard:Cash                          600.00 USD
  Income:US:Babble:Match401k                      -600.00 USD

2024-07-22 * "Investing 40% of cash in VBMPX"
  Assets:US:Vanguard:VBMPX                          8.126 VBMPX {59.07 USD, 2024-07-22}
  Assets:US:Vanguard:Cash                         -480.00 USD

2024-07-22 * "Investing 60% of cash in RGAGX"
  Assets:US:Vanguard:RGAGX                          3.262 RGAGX {220.73 USD, 2024-07-22}
  Assets:US:Vanguard:Cash                         -720.02 USD

2024-07-22 * "Investing 40% of cash in VBMPX"
  Assets:US:Vanguard:VBMPX                          4.063 VBMPX {59.07 USD, 2024-07-22}
  Assets:US:Vanguard:Cash                         -240.00 USD

2024-07-22 * "Investing 60% of cash in RGAGX"
  Assets:US:Vanguard:RGAGX                          1.631 RGAGX {220.73 USD, 2024-07-22}
  Assets:US:Vanguard:Cash                         -360.01 USD

2024-08-02 * "Employer match for contribution"
  Assets:US:Vanguard:Cash                          250.00 USD
  Income:US:Babble:Match401k                      -250.00 USD

2024-08-05 * "Investing 40% of cash in VBMPX"
  Assets:US:Vanguard:VBMPX                          3.381 VBMPX {59.16 USD, 2024-08-05}
  Assets:US:Vanguard:Cash                         -200.02 USD

2024-08-05 * "Investing 60% of cash in RGAGX"
  Assets:US:Vanguard:RGAGX                          1.371 RGAGX {218.80 USD, 2024-08-05}
  Assets:US:Vanguard:Cash                         -299.97 USD

2024-08-05 * "Investing 40% of cash in VBMPX"
  Assets:US:Vanguard:VBMPX                          1.690 VBMPX {59.16 USD, 2024-08-05}
  Assets:US:Vanguard:Cash                          -99.98 USD

2024-08-05 * "Investing 60% of cash in RGAGX"
  Assets:US:Vanguard:RGAGX                          0.686 RGAGX {218.80 USD, 2024-08-05}
  Assets:US:Vanguard:Cash                         -150.10 USD

2025-01-03 * "Employer match for contribution"
  Assets:US:Vanguard:Cash                          600.00 USD
  Income:US:Babble:Match401k                      -600.00 USD

2025-01-06 * "Investing 40% of cash in VBMPX"
  Assets:US:Vanguard:VBMPX                          8.004 VBMPX {59.97 USD, 2025-01-06}
  Assets:US:Vanguard:Cash                         -480.00 USD

2025-01-06 * "Investing 60% of cash in RGAGX"
  Assets:US:Vanguard:RGAGX                          3.228 RGAGX {223.06 USD, 2025-01-06}
  Assets:US:Vanguard:Cash                         -720.04 USD

2025-01-06 * "Investing 40% of cash in VBMPX"
  Assets:US:Vanguard:VBMPX                          4.001 VBMPX {59.97 USD, 2025-01-06}
  Assets:US:Vanguard:Cash                         -239.94 USD

2025-01-06 * "Investing 60% of cash in RGAGX"
  Assets:US:Vanguard:RGAGX                          1.614 RGAGX {223.06 USD, 2025-01-06}
  Assets:US:Vanguard:Cash                         -360.02 USD

2025-01-17 * "Employer match for contribution"
  Assets:US:Vanguard:Cash                          600.00 USD
  Income:US:Babble:Match401k                      -600.00 USD

2025-01-20 * "Investing 40% of cash in VBMPX"
  Assets:US:Vanguard:VBMPX                          8.209 VBMPX {58.47 USD, 2025-01-20}
  Assets:US:Vanguard:Cash                         -479.98 USD

2025-01-20 * "Investing 60% of cash in RGAGX"
  Assets:US:Vanguard:RGAGX                          3.186 RGAGX {226.00 USD, 2025-01-20}
  Assets:US:Vanguard:Cash                         -720.04 USD

2025-01-20 * "Investing 40% of cash in VBMPX"
  Assets:US:Vanguard:VBMPX                          4.104 VBMPX {58.47 USD, 2025-01-20}
  Assets:US:Vanguard:Cash                         -239.96 USD

2025-01-20 * "Investing 60% of cash in RGAGX"
  Assets:US:Vanguard:RGAGX                          1.593 RGAGX {226.00 USD, 2025-01-20}
  Assets:US:Vanguard:Cash                         -360.02 USD

2025-01-31 * "Employer match for contribution"
  Assets:US:Vanguard:Cash                          600.00 USD
  Income:US:Babble:Match401k                      -600.00 USD

2025-02-03 * "Investing 40% of cash in VBMPX"
  Assets:US:Vanguard:VBMPX                          8.293 VBMPX {57.88 USD, 2025-02-03}
  Assets:US:Vanguard:Cash                         -480.00 USD

2025-02-03 * "Investing 60% of cash in RGAGX"
  Assets:US:Vanguard:RGAGX                          3.208 RGAGX {224.42 USD, 2025-02-03}
  Assets:US:Vanguard:Cash                         -719.94 USD

2025-02-03 * "Investing 40% of cash in VBMPX"
  Assets:US:Vanguard:VBMPX                          4.146 VBMPX {57.88 USD, 2025-02-03}
  Assets:US:Vanguard:Cash                         -239.97 USD

2025-02-03 * "Investing 60% of cash in RGAGX"
  Assets:US:Vanguard:RGAGX                          1.604 RGAGX {224.42 USD, 2025-02-03}
  Assets:US:Vanguard:Cash                         -359.97 USD

2025-02-14 * "Employer match for contribution"
  Assets:US:Vanguard:Cash                          600.00 USD
  Income:US:Babble:Match401k                      -600.00 USD

2025-02-17 * "Investing 40% of cash in VBMPX"
  Assets:US:Vanguard:VBMPX                          8.335 VBMPX {57.59 USD, 2025-02-17}
  Assets:US:Vanguard:Cash                         -480.01 USD

2025-02-17 * "Investing 60% of cash in RGAGX"
  Assets:US:Vanguard:RGAGX                          3.233 RGAGX {222.72 USD, 2025-02-17}
  Assets:US:Vanguard:Cash                         -720.05 USD

2025-02-17 * "Investing 40% of cash in VBMPX"
  Assets:US:Vanguard:VBMPX                          4.167 VBMPX {57.59 USD, 2025-02-17}
  Assets:US:Vanguard:Cash                         -239.98 USD

2025-02-17 * "Investing 60% of cash in RGAGX"
  Assets:US:Vanguard:RGAGX                          1.616 RGAGX {222.72 USD, 2025-02-17}
  Assets:US:Vanguard:Cash                         -359.92 USD

2025-02-28 * "Employer match for contribution"
  Assets:US:Vanguard:Cash                          600.00 USD
  Income:US:Babble:Match401k                      -600.00 USD

2025-03-03 * "Investing 40% of cash in VBMPX"
  Assets:US:Vanguard:VBMPX                          8.621 VBMPX {55.68 USD, 2025-03-03}
  Assets:US:Vanguard:Cash                         -480.02 USD

2025-03-03 * "Investing 60% of cash in RGAGX"
  Assets:US:Vanguard:RGAGX                          3.178 RGAGX {226.55 USD, 2025-03-03}
  Assets:US:Vanguard:Cash                         -719.98 USD

2025-03-03 * "Investing 40% of cash in VBMPX"
  Assets:US:Vanguard:VBMPX                          4.311 VBMPX {55.68 USD, 2025-03-03}
  Assets:US:Vanguard:Cash                         -240.04 USD

2025-03-03 * "Investing 60% of cash in RGAGX"
  Assets:US:Vanguard:RGAGX                          1.589 RGAGX {226.55 USD, 2025-03-03}
  Assets:US:Vanguard:Cash                         -359.99 USD

2025-03-14 * "Employer match for contribution"
  Assets:US:Vanguard:Cash                          600.00 USD
  Income:US:Babble:Match401k                      -600.00 USD

2025-03-17 * "Investing 40% of cash in VBMPX"
  Assets:US:Vanguard:VBMPX                          8.227 VBMPX {58.35 USD, 2025-03-17}
  Assets:US:Vanguard:Cash                         -480.05 USD

2025-03-17 * "Investing 60% of cash in RGAGX"
  Assets:US:Vanguard:RGAGX                          3.119 RGAGX {230.83 USD, 2025-03-17}
  Assets:US:Vanguard:Cash                         -719.96 USD

2025-03-17 * "Investing 40% of cash in VBMPX"
  Assets:US:Vanguard:VBMPX                          4.113 VBMPX {58.35 USD, 2025-03-17}
  Assets:US:Vanguard:Cash                         -239.99 USD

2025-03-17 * "Investing 60% of cash in RGAGX"
  Assets:US:Vanguard:RGAGX                          1.560 RGAGX {230.83 USD, 2025-03-17}
  Assets:US:Vanguard:Cash                         -360.09 USD

2025-03-28 * "Employer match for contribution"
  Assets:US:Vanguard:Cash                          600.00 USD
  Income:US:Babble:Match401k                      -600.00 USD

2025-03-31 * "Investing 40% of cash in VBMPX"
  Assets:US:Vanguard:VBMPX                          8.547 VBMPX {56.16 USD, 2025-03-31}
  Assets:US:Vanguard:Cash                         -480.00 USD

2025-03-31 * "Investing 60% of cash in RGAGX"
  Assets:US:Vanguard:RGAGX                          3.113 RGAGX {231.28 USD, 2025-03-31}
  Assets:US:Vanguard:Cash                         -719.97 USD

2025-03-31 * "Investing 40% of cash in VBMPX"
  Assets:US:Vanguard:VBMPX                          4.274 VBMPX {56.16 USD, 2025-03-31}
  Assets:US:Vanguard:Cash                         -240.03 USD

2025-03-31 * "Investing 60% of cash in RGAGX"
  Assets:US:Vanguard:RGAGX                          1.557 RGAGX {231.28 USD, 2025-03-31}
  Assets:US:Vanguard:Cash                         -360.10 USD

2025-04-11 * "Employer match for contribution"
  Assets:US:Vanguard:Cash                          600.00 USD
  Income:US:Babble:Match401k                      -600.00 USD

2025-04-14 * "Investing 40% of cash in VBMPX"
  Assets:US:Vanguard:VBMPX                          8.657 VBMPX {55.44 USD, 2025-04-14}
  Assets:US:Vanguard:Cash                         -479.94 USD

2025-04-14 * "Investing 60% of cash in RGAGX"
  Assets:US:Vanguard:RGAGX                          3.124 RGAGX {230.44 USD, 2025-04-14}
  Assets:US:Vanguard:Cash                         -719.89 USD

2025-04-14 * "Investing 40% of cash in VBMPX"
  Assets:US:Vanguard:VBMPX                          4.329 VBMPX {55.44 USD, 2025-04-14}
  Assets:US:Vanguard:Cash                         -240.00 USD

2025-04-14 * "Investing 60% of cash in RGAGX"
  Assets:US:Vanguard:RGAGX                          1.562 RGAGX {230.44 USD, 2025-04-14}
  Assets:US:Vanguard:Cash                         -359.95 USD

2025-04-25 * "Employer match for contribution"
  Assets:US:Vanguard:Cash                          600.00 USD
  Income:US:Babble:Match401k                      -600.00 USD

2025-04-28 * "Investing 40% of cash in VBMPX"
  Assets:US:Vanguard:VBMPX                          8.673 VBMPX {55.35 USD, 2025-04-28}
  Assets:US:Vanguard:Cash                         -480.05 USD

2025-04-28 * "Investing 60% of cash in RGAGX"
  Assets:US:Vanguard:RGAGX                          3.186 RGAGX {226.01 USD, 2025-04-28}
  Assets:US:Vanguard:Cash                         -720.07 USD

2025-04-28 * "Investing 40% of cash in VBMPX"
  Assets:US:Vanguard:VBMPX                          4.336 VBMPX {55.35 USD, 2025-04-28}
  Assets:US:Vanguard:Cash                         -240.00 USD

2025-04-28 * "Investing 60% of cash in RGAGX"
  Assets:US:Vanguard:RGAGX                          1.593 RGAGX {226.01 USD, 2025-04-28}
  Assets:US:Vanguard:Cash                         -360.03 USD



* Sources of Income

2023-01-01 open Income:US:Babble:Salary                      USD
2023-01-01 open Income:US:Babble:GroupTermLife               USD
2023-01-01 open Income:US:Babble:Vacation                    VACHR
2023-01-01 open Assets:US:Babble:Vacation                    VACHR
2023-01-01 open Expenses:Vacation                               VACHR
2023-01-01 open Expenses:Health:Life:GroupTermLife
2023-01-01 open Expenses:Health:Medical:Insurance
2023-01-01 open Expenses:Health:Dental:Insurance
2023-01-01 open Expenses:Health:Vision:Insurance

2023-01-01 event "employer" "Babble, 1 Continuous Loop, Bupertina, CA"

2023-01-05 * "Babble" "Payroll"
  Assets:US:BofA:Checking                         1350.60 USD
  Assets:US:Vanguard:Cash                         1200.00 USD
  Income:US:Babble:Salary                        -4615.38 USD
  Income:US:Babble:GroupTermLife                   -24.32 USD
  Expenses:Health:Life:GroupTermLife                24.32 USD
  Expenses:Health:Dental:Insurance                   2.90 USD
  Expenses:Health:Medical:Insurance                 27.38 USD
  Expenses:Health:Vision:Insurance                  42.30 USD
  Expenses:Taxes:Y2023:US:Medicare                 106.62 USD
  Expenses:Taxes:Y2023:US:Federal                 1062.92 USD
  Expenses:Taxes:Y2023:US:State                    365.08 USD
  Expenses:Taxes:Y2023:US:CityNYC                  174.92 USD
  Expenses:Taxes:Y2023:US:SDI                        1.12 USD
  Expenses:Taxes:Y2023:US:SocSec                   281.54 USD
  Assets:US:Federal:PreTax401k                   -1200.00 IRAUSD
  Expenses:Taxes:Y2023:US:Federal:PreTax401k      1200.00 IRAUSD
  Assets:US:Babble:Vacation                             5 VACHR
  Income:US:Babble:Vacation                            -5 VACHR

2023-01-19 * "Babble" "Payroll"
  Assets:US:BofA:Checking                         1350.60 USD
  Assets:US:Vanguard:Cash                         1200.00 USD
  Income:US:Babble:Salary                        -4615.38 USD
  Income:US:Babble:GroupTermLife                   -24.32 USD
  Expenses:Health:Life:GroupTermLife                24.32 USD
  Expenses:Health:Dental:Insurance                   2.90 USD
  Expenses:Health:Medical:Insurance                 27.38 USD
  Expenses:Health:Vision:Insurance                  42.30 USD
  Expenses:Taxes:Y2023:US:Medicare                 106.62 USD
  Expenses:Taxes:Y2023:US:Federal                 1062.92 USD
  Expenses:Taxes:Y2023:US:State                    365.08 USD
  Expenses:Taxes:Y2023:US:CityNYC                  174.92 USD
  Expenses:Taxes:Y2023:US:SDI                        1.12 USD
  Expenses:Taxes:Y2023:US:SocSec                   281.54 USD
  Assets:US:Federal:PreTax401k                   -1200.00 IRAUSD
  Expenses:Taxes:Y2023:US:Federal:PreTax401k      1200.00 IRAUSD
  Assets:US:Babble:Vacation                             5 VACHR
  Income:US:Babble:Vacation                            -5 VACHR

2023-02-02 * "Babble" "Payroll"
  Assets:US:BofA:Checking                         1350.60 USD
  Assets:US:Vanguard:Cash                         1200.00 USD
  Income:US:Babble:Salary                        -4615.38 USD
  Income:US:Babble:GroupTermLife                   -24.32 USD
  Expenses:Health:Life:GroupTermLife                24.32 USD
  Expenses:Health:Dental:Insurance                   2.90 USD
  Expenses:Health:Medical:Insurance                 27.38 USD
  Expenses:Health:Vision:Insurance                  42.30 USD
  Expenses:Taxes:Y2023:US:Medicare                 106.62 USD
  Expenses:Taxes:Y2023:US:Federal                 1062.92 USD
  Expenses:Taxes:Y2023:US:State                    365.08 USD
  Expenses:Taxes:Y2023:US:CityNYC                  174.92 USD
  Expenses:Taxes:Y2023:US:SDI                        1.12 USD
  Expenses:Taxes:Y2023:US:SocSec                   281.54 USD
  Assets:US:Federal:PreTax401k                   -1200.00 IRAUSD
  Expenses:Taxes:Y2023:US:Federal:PreTax401k      1200.00 IRAUSD
  Assets:US:Babble:Vacation                             5 VACHR
  Income:US:Babble:Vacation                            -5 VACHR

2023-02-16 * "Babble" "Payroll"
  Assets:US:BofA:Checking                         1350.60 USD
  Assets:US:Vanguard:Cash                         1200.00 USD
  Income:US:Babble:Salary                        -4615.38 USD
  Income:US:Babble:GroupTermLife                   -24.32 USD
  Expenses:Health:Life:GroupTermLife                24.32 USD
  Expenses:Health:Dental:Insurance                   2.90 USD
  Expenses:Health:Medical:Insurance                 27.38 USD
  Expenses:Health:Vision:Insurance                  42.30 USD
  Expenses:Taxes:Y2023:US:Medicare                 106.62 USD
  Expenses:Taxes:Y2023:US:Federal                 1062.92 USD
  Expenses:Taxes:Y2023:US:State                    365.08 USD
  Expenses:Taxes:Y2023:US:CityNYC                  174.92 USD
  Expenses:Taxes:Y2023:US:SDI                        1.12 USD
  Expenses:Taxes:Y2023:US:SocSec                   281.54 USD
  Assets:US:Federal:PreTax401k                   -1200.00 IRAUSD
  Expenses:Taxes:Y2023:US:Federal:PreTax401k      1200.00 IRAUSD
  Assets:US:Babble:Vacation                             5 VACHR
  Income:US:Babble:Vacation                            -5 VACHR

2023-03-02 * "Babble" "Payroll"
  Assets:US:BofA:Checking                         1350.60 USD
  Assets:US:Vanguard:Cash                         1200.00 USD
  Income:US:Babble:Salary                        -4615.38 USD
  Income:US:Babble:GroupTermLife                   -24.32 USD
  Expenses:Health:Life:GroupTermLife                24.32 USD
  Expenses:Health:Dental:Insurance                   2.90 USD
  Expenses:Health:Medical:Insurance                 27.38 USD
  Expenses:Health:Vision:Insurance                  42.30 USD
  Expenses:Taxes:Y2023:US:Medicare                 106.62 USD
  Expenses:Taxes:Y2023:US:Federal                 1062.92 USD
  Expenses:Taxes:Y2023:US:State                    365.08 USD
  Expenses:Taxes:Y2023:US:CityNYC                  174.92 USD
  Expenses:Taxes:Y2023:US:SDI                        1.12 USD
  Expenses:Taxes:Y2023:US:SocSec                   281.54 USD
  Assets:US:Federal:PreTax401k                   -1200.00 IRAUSD
  Expenses:Taxes:Y2023:US:Federal:PreTax401k      1200.00 IRAUSD
  Assets:US:Babble:Vacation                             5 VACHR
  Income:US:Babble:Vacation                            -5 VACHR

2023-03-16 * "Babble" "Payroll"
  Assets:US:BofA:Checking                         1350.60 USD
  Assets:US:Vanguard:Cash                         1200.00 USD
  Income:US:Babble:Salary                        -4615.38 USD
  Income:US:Babble:GroupTermLife                   -24.32 USD
  Expenses:Health:Life:GroupTermLife                24.32 USD
  Expenses:Health:Dental:Insurance                   2.90 USD
  Expenses:Health:Medical:Insurance                 27.38 USD
  Expenses:Health:Vision:Insurance                  42.30 USD
  Expenses:Taxes:Y2023:US:Medicare                 106.62 USD
  Expenses:Taxes:Y2023:US:Federal                 1062.92 USD
  Expenses:Taxes:Y2023:US:State                    365.08 USD
  Expenses:Taxes:Y2023:US:CityNYC                  174.92 USD
  Expenses:Taxes:Y2023:US:SDI                        1.12 USD
  Expenses:Taxes:Y2023:US:SocSec                   281.54 USD
  Assets:US:Federal:PreTax401k                   -1200.00 IRAUSD
  Expenses:Taxes:Y2023:US:Federal:PreTax401k      1200.00 IRAUSD
  Assets:US:Babble:Vacation                             5 VACHR
  Income:US:Babble:Vacation                            -5 VACHR

2023-03-30 * "Babble" "Payroll"
  Assets:US:BofA:Checking                         1350.60 USD
  Assets:US:Vanguard:Cash                         1200.00 USD
  Income:US:Babble:Salary                        -4615.38 USD
  Income:US:Babble:GroupTermLife                   -24.32 USD
  Expenses:Health:Life:GroupTermLife                24.32 USD
  Expenses:Health:Dental:Insurance                   2.90 USD
  Expenses:Health:Medical:Insurance                 27.38 USD
  Expenses:Health:Vision:Insurance                  42.30 USD
  Expenses:Taxes:Y2023:US:Medicare                 106.62 USD
  Expenses:Taxes:Y2023:US:Federal                 1062.92 USD
  Expenses:Taxes:Y2023:US:State                    365.08 USD
  Expenses:Taxes:Y2023:US:CityNYC                  174.92 USD
  Expenses:Taxes:Y2023:US:SDI                        1.12 USD
  Expenses:Taxes:Y2023:US:SocSec                   281.54 USD
  Assets:US:Federal:PreTax401k                   -1200.00 IRAUSD
  Expenses:Taxes:Y2023:US:Federal:PreTax401k      1200.00 IRAUSD
  Assets:US:Babble:Vacation                             5 VACHR
  Income:US:Babble:Vacation                            -5 VACHR

2023-04-13 * "Babble" "Payroll"
  Assets:US:BofA:Checking                         1350.60 USD
  Assets:US:Vanguard:Cash                         1200.00 USD
  Income:US:Babble:Salary                        -4615.38 USD
  Income:US:Babble:GroupTermLife                   -24.32 USD
  Expenses:Health:Life:GroupTermLife                24.32 USD
  Expenses:Health:Dental:Insurance                   2.90 USD
  Expenses:Health:Medical:Insurance                 27.38 USD
  Expenses:Health:Vision:Insurance                  42.30 USD
  Expenses:Taxes:Y2023:US:Medicare                 106.62 USD
  Expenses:Taxes:Y2023:US:Federal                 1062.92 USD
  Expenses:Taxes:Y2023:US:State                    365.08 USD
  Expenses:Taxes:Y2023:US:CityNYC                  174.92 USD
  Expenses:Taxes:Y2023:US:SDI                        1.12 USD
  Expenses:Taxes:Y2023:US:SocSec                   281.54 USD
  Assets:US:Federal:PreTax401k                   -1200.00 IRAUSD
  Expenses:Taxes:Y2023:US:Federal:PreTax401k      1200.00 IRAUSD
  Assets:US:Babble:Vacation                             5 VACHR
  Income:US:Babble:Vacation                            -5 VACHR

2023-04-27 * "Babble" "Payroll"
  Assets:US:BofA:Checking                         1350.60 USD
  Assets:US:Vanguard:Cash                         1200.00 USD
  Income:US:Babble:Salary                        -4615.38 USD
  Income:US:Babble:GroupTermLife                   -24.32 USD
  Expenses:Health:Life:GroupTermLife                24.32 USD
  Expenses:Health:Dental:Insurance                   2.90 USD
  Expenses:Health:Medical:Insurance                 27.38 USD
  Expenses:Health:Vision:Insurance                  42.30 USD
  Expenses:Taxes:Y2023:US:Medicare                 106.62 USD
  Expenses:Taxes:Y2023:US:Federal                 1062.92 USD
  Expenses:Taxes:Y2023:US:State                    365.08 USD
  Expenses:Taxes:Y2023:US:CityNYC                  174.92 USD
  Expenses:Taxes:Y2023:US:SDI                        1.12 USD
  Expenses:Taxes:Y2023:US:SocSec                   281.54 USD
  Assets:US:Federal:PreTax401k                   -1200.00 IRAUSD
  Expenses:Taxes:Y2023:US:Federal:PreTax401k      1200.00 IRAUSD
  Assets:US:Babble:Vacation                             5 VACHR
  Income:US:Babble:Vacation                            -5 VACHR

2023-05-11 * "Babble" "Payroll"
  Assets:US:BofA:Checking                         1350.60 USD
  Assets:US:Vanguard:Cash                         1200.00 USD
  Income:US:Babble:Salary                        -4615.38 USD
  Income:US:Babble:GroupTermLife                   -24.32 USD
  Expenses:Health:Life:GroupTermLife                24.32 USD
  Expenses:Health:Dental:Insurance                   2.90 USD
  Expenses:Health:Medical:Insurance                 27.38 USD
  Expenses:Health:Vision:Insurance                  42.30 USD
  Expenses:Taxes:Y2023:US:Medicare                 106.62 USD
  Expenses:Taxes:Y2023:US:Federal                 1062.92 USD
  Expenses:Taxes:Y2023:US:State                    365.08 USD
  Expenses:Taxes:Y2023:US:CityNYC                  174.92 USD
  Expenses:Taxes:Y2023:US:SDI                        1.12 USD
  Expenses:Taxes:Y2023:US:SocSec                   281.54 USD
  Assets:US:Federal:PreTax401k                   -1200.00 IRAUSD
  Expenses:Taxes:Y2023:US:Federal:PreTax401k      1200.00 IRAUSD
  Assets:US:Babble:Vacation                             5 VACHR
  Income:US:Babble:Vacation                            -5 VACHR

2023-05-25 * "Babble" "Payroll"
  Assets:US:BofA:Checking                         1350.60 USD
  Assets:US:Vanguard:Cash                         1200.00 USD
  Income:US:Babble:Salary                        -4615.38 USD
  Income:US:Babble:GroupTermLife                   -24.32 USD
  Expenses:Health:Life:GroupTermLife                24.32 USD
  Expenses:Health:Dental:Insurance                   2.90 USD
  Expenses:Health:Medical:Insurance                 27.38 USD
  Expenses:Health:Vision:Insurance                  42.30 USD
  Expenses:Taxes:Y2023:US:Medicare                 106.62 USD
  Expenses:Taxes:Y2023:US:Federal                 1062.92 USD
  Expenses:Taxes:Y2023:US:State                    365.08 USD
  Expenses:Taxes:Y2023:US:CityNYC                  174.92 USD
  Expenses:Taxes:Y2023:US:SDI                        1.12 USD
  Expenses:Taxes:Y2023:US:SocSec                   281.54 USD
  Assets:US:Federal:PreTax401k                   -1200.00 IRAUSD
  Expenses:Taxes:Y2023:US:Federal:PreTax401k      1200.00 IRAUSD
  Assets:US:Babble:Vacation                             5 VACHR
  Income:US:Babble:Vacation                            -5 VACHR

2023-06-08 * "Babble" "Payroll"
  Assets:US:BofA:Checking                         1350.60 USD
  Assets:US:Vanguard:Cash                         1200.00 USD
  Income:US:Babble:Salary                        -4615.38 USD
  Income:US:Babble:GroupTermLife                   -24.32 USD
  Expenses:Health:Life:GroupTermLife                24.32 USD
  Expenses:Health:Dental:Insurance                   2.90 USD
  Expenses:Health:Medical:Insurance                 27.38 USD
  Expenses:Health:Vision:Insurance                  42.30 USD
  Expenses:Taxes:Y2023:US:Medicare                 106.62 USD
  Expenses:Taxes:Y2023:US:Federal                 1062.92 USD
  Expenses:Taxes:Y2023:US:State                    365.08 USD
  Expenses:Taxes:Y2023:US:CityNYC                  174.92 USD
  Expenses:Taxes:Y2023:US:SDI                        1.12 USD
  Expenses:Taxes:Y2023:US:SocSec                   281.54 USD
  Assets:US:Federal:PreTax401k                   -1200.00 IRAUSD
  Expenses:Taxes:Y2023:US:Federal:PreTax401k      1200.00 IRAUSD
  Assets:US:Babble:Vacation                             5 VACHR
  Income:US:Babble:Vacation                            -5 VACHR

2023-06-22 * "Babble" "Payroll"
  Assets:US:BofA:Checking                         1350.60 USD
  Assets:US:Vanguard:Cash                         1200.00 USD
  Income:US:Babble:Salary                        -4615.38 USD
  Income:US:Babble:GroupTermLife                   -24.32 USD
  Expenses:Health:Life:GroupTermLife                24.32 USD
  Expenses:Health:Dental:Insurance                   2.90 USD
  Expenses:Health:Medical:Insurance                 27.38 USD
  Expenses:Health:Vision:Insurance                  42.30 USD
  Expenses:Taxes:Y2023:US:Medicare                 106.62 USD
  Expenses:Taxes:Y2023:US:Federal                 1062.92 USD
  Expenses:Taxes:Y2023:US:State                    365.08 USD
  Expenses:Taxes:Y2023:US:CityNYC                  174.92 USD
  Expenses:Taxes:Y2023:US:SDI                        1.12 USD
  Expenses:Taxes:Y2023:US:SocSec                   281.54 USD
  Assets:US:Federal:PreTax401k                   -1200.00 IRAUSD
  Expenses:Taxes:Y2023:US:Federal:PreTax401k      1200.00 IRAUSD
  Assets:US:Babble:Vacation                             5 VACHR
  Income:US:Babble:Vacation                            -5 VACHR

2023-07-06 * "Babble" "Payroll"
  Assets:US:BofA:Checking                         1350.60 USD
  Assets:US:Vanguard:Cash                         1200.00 USD
  Income:US:Babble:Salary                        -4615.38 USD
  Income:US:Babble:GroupTermLife                   -24.32 USD
  Expenses:Health:Life:GroupTermLife                24.32 USD
  Expenses:Health:Dental:Insurance                   2.90 USD
  Expenses:Health:Medical:Insurance                 27.38 USD
  Expenses:Health:Vision:Insurance                  42.30 USD
  Expenses:Taxes:Y2023:US:Medicare                 106.62 USD
  Expenses:Taxes:Y2023:US:Federal                 1062.92 USD
  Expenses:Taxes:Y2023:US:State                    365.08 USD
  Expenses:Taxes:Y2023:US:CityNYC                  174.92 USD
  Expenses:Taxes:Y2023:US:SDI                        1.12 USD
  Expenses:Taxes:Y2023:US:SocSec                   281.54 USD
  Assets:US:Federal:PreTax401k                   -1200.00 IRAUSD
  Expenses:Taxes:Y2023:US:Federal:PreTax401k      1200.00 IRAUSD
  Assets:US:Babble:Vacation                             5 VACHR
  Income:US:Babble:Vacation                            -5 VACHR

2023-07-20 * "Babble" "Payroll"
  Assets:US:BofA:Checking                         1350.60 USD
  Assets:US:Vanguard:Cash                         1200.00 USD
  Income:US:Babble:Salary                        -4615.38 USD
  Income:US:Babble:GroupTermLife                   -24.32 USD
  Expenses:Health:Life:GroupTermLife                24.32 USD
  Expenses:Health:Dental:Insurance                   2.90 USD
  Expenses:Health:Medical:Insurance                 27.38 USD
  Expenses:Health:Vision:Insurance                  42.30 USD
  Expenses:Taxes:Y2023:US:Medicare                 106.62 USD
  Expenses:Taxes:Y2023:US:Federal                 1062.92 USD
  Expenses:Taxes:Y2023:US:State                    365.08 USD
  Expenses:Taxes:Y2023:US:CityNYC                  174.92 USD
  Expenses:Taxes:Y2023:US:SDI                        1.12 USD
  Expenses:Taxes:Y2023:US:SocSec                   281.54 USD
  Assets:US:Federal:PreTax401k                   -1200.00 IRAUSD
  Expenses:Taxes:Y2023:US:Federal:PreTax401k      1200.00 IRAUSD
  Assets:US:Babble:Vacation                             5 VACHR
  Income:US:Babble:Vacation                            -5 VACHR

2023-08-03 * "Babble" "Payroll"
  Assets:US:BofA:Checking                         2050.60 USD
  Assets:US:Vanguard:Cash                          500.00 USD
  Income:US:Babble:Salary                        -4615.38 USD
  Income:US:Babble:GroupTermLife                   -24.32 USD
  Expenses:Health:Life:GroupTermLife                24.32 USD
  Expenses:Health:Dental:Insurance                   2.90 USD
  Expenses:Health:Medical:Insurance                 27.38 USD
  Expenses:Health:Vision:Insurance                  42.30 USD
  Expenses:Taxes:Y2023:US:Medicare                 106.62 USD
  Expenses:Taxes:Y2023:US:Federal                 1062.92 USD
  Expenses:Taxes:Y2023:US:State                    365.08 USD
  Expenses:Taxes:Y2023:US:CityNYC                  174.92 USD
  Expenses:Taxes:Y2023:US:SDI                        1.12 USD
  Expenses:Taxes:Y2023:US:SocSec                   281.54 USD
  Assets:US:Federal:PreTax401k                    -500.00 IRAUSD
  Expenses:Taxes:Y2023:US:Federal:PreTax401k       500.00 IRAUSD
  Assets:US:Babble:Vacation                             5 VACHR
  Income:US:Babble:Vacation                            -5 VACHR

2023-08-17 * "Babble" "Payroll"
  Assets:US:BofA:Checking                         2550.60 USD
  Income:US:Babble:Salary                        -4615.38 USD
  Income:US:Babble:GroupTermLife                   -24.32 USD
  Expenses:Health:Life:GroupTermLife                24.32 USD
  Expenses:Health:Dental:Insurance                   2.90 USD
  Expenses:Health:Medical:Insurance                 27.38 USD
  Expenses:Health:Vision:Insurance                  42.30 USD
  Expenses:Taxes:Y2023:US:Medicare                 106.62 USD
  Expenses:Taxes:Y2023:US:Federal                 1062.92 USD
  Expenses:Taxes:Y2023:US:State                    365.08 USD
  Expenses:Taxes:Y2023:US:CityNYC                  174.92 USD
  Expenses:Taxes:Y2023:US:SDI                        1.12 USD
  Expenses:Taxes:Y2023:US:SocSec                   281.54 USD
  Assets:US:Babble:Vacation                             5 VACHR
  Income:US:Babble:Vacation                            -5 VACHR

2023-08-31 * "Babble" "Payroll"
  Assets:US:BofA:Checking                         2550.60 USD
  Income:US:Babble:Salary                        -4615.38 USD
  Income:US:Babble:GroupTermLife                   -24.32 USD
  Expenses:Health:Life:GroupTermLife                24.32 USD
  Expenses:Health:Dental:Insurance                   2.90 USD
  Expenses:Health:Medical:Insurance                 27.38 USD
  Expenses:Health:Vision:Insurance                  42.30 USD
  Expenses:Taxes:Y2023:US:Medicare                 106.62 USD
  Expenses:Taxes:Y2023:US:Federal                 1062.92 USD
  Expenses:Taxes:Y2023:US:State                    365.08 USD
  Expenses:Taxes:Y2023:US:CityNYC                  174.92 USD
  Expenses:Taxes:Y2023:US:SDI                        1.12 USD
  Expenses:Taxes:Y2023:US:SocSec                   281.54 USD
  Assets:US:Babble:Vacation                             5 VACHR
  Income:US:Babble:Vacation                            -5 VACHR

2023-09-14 * "Babble" "Payroll"
  Assets:US:BofA:Checking                         2550.60 USD
  Income:US:Babble:Salary                        -4615.38 USD
  Income:US:Babble:GroupTermLife                   -24.32 USD
  Expenses:Health:Life:GroupTermLife                24.32 USD
  Expenses:Health:Dental:Insurance                   2.90 USD
  Expenses:Health:Medical:Insurance                 27.38 USD
  Expenses:Health:Vision:Insurance                  42.30 USD
  Expenses:Taxes:Y2023:US:Medicare                 106.62 USD
  Expenses:Taxes:Y2023:US:Federal                 1062.92 USD
  Expenses:Taxes:Y2023:US:State                    365.08 USD
  Expenses:Taxes:Y2023:US:CityNYC                  174.92 USD
  Expenses:Taxes:Y2023:US:SDI                        1.12 USD
  Expenses:Taxes:Y2023:US:SocSec                   281.54 USD
  Assets:US:Babble:Vacation                             5 VACHR
  Income:US:Babble:Vacation                            -5 VACHR

2023-09-28 * "Babble" "Payroll"
  Assets:US:BofA:Checking                         2550.60 USD
  Income:US:Babble:Salary                        -4615.38 USD
  Income:US:Babble:GroupTermLife                   -24.32 USD
  Expenses:Health:Life:GroupTermLife                24.32 USD
  Expenses:Health:Dental:Insurance                   2.90 USD
  Expenses:Health:Medical:Insurance                 27.38 USD
  Expenses:Health:Vision:Insurance                  42.30 USD
  Expenses:Taxes:Y2023:US:Medicare                 106.62 USD
  Expenses:Taxes:Y2023:US:Federal                 1062.92 USD
  Expenses:Taxes:Y2023:US:State                    365.08 USD
  Expenses:Taxes:Y2023:US:CityNYC                  174.92 USD
  Expenses:Taxes:Y2023:US:SDI                        1.12 USD
  Expenses:Taxes:Y2023:US:SocSec                   281.54 USD
  Assets:US:Babble:Vacation                             5 VACHR
  Income:US:Babble:Vacation                            -5 VACHR

2023-10-12 * "Babble" "Payroll"
  Assets:US:BofA:Checking                         2550.60 USD
  Income:US:Babble:Salary                        -4615.38 USD
  Income:US:Babble:GroupTermLife                   -24.32 USD
  Expenses:Health:Life:GroupTermLife                24.32 USD
  Expenses:Health:Dental:Insurance                   2.90 USD
  Expenses:Health:Medical:Insurance                 27.38 USD
  Expenses:Health:Vision:Insurance                  42.30 USD
  Expenses:Taxes:Y2023:US:Medicare                 106.62 USD
  Expenses:Taxes:Y2023:US:Federal                 1062.92 USD
  Expenses:Taxes:Y2023:US:State                    365.08 USD
  Expenses:Taxes:Y2023:US:CityNYC                  174.92 USD
  Expenses:Taxes:Y2023:US:SDI                        1.12 USD
  Expenses:Taxes:Y2023:US:SocSec                   281.54 USD
  Assets:US:Babble:Vacation                             5 VACHR
  Income:US:Babble:Vacation                            -5 VACHR

2023-10-26 * "Babble" "Payroll"
  Assets:US:BofA:Checking                         2550.60 USD
  Income:US:Babble:Salary                        -4615.38 USD
  Income:US:Babble:GroupTermLife                   -24.32 USD
  Expenses:Health:Life:GroupTermLife                24.32 USD
  Expenses:Health:Dental:Insurance                   2.90 USD
  Expenses:Health:Medical:Insurance                 27.38 USD
  Expenses:Health:Vision:Insurance                  42.30 USD
  Expenses:Taxes:Y2023:US:Medicare                 106.62 USD
  Expenses:Taxes:Y2023:US:Federal                 1062.92 USD
  Expenses:Taxes:Y2023:US:State                    365.08 USD
  Expenses:Taxes:Y2023:US:CityNYC                  174.92 USD
  Expenses:Taxes:Y2023:US:SDI                        1.12 USD
  Expenses:Taxes:Y2023:US:SocSec                   281.54 USD
  Assets:US:Babble:Vacation                             5 VACHR
  Income:US:Babble:Vacation                            -5 VACHR

2023-11-09 * "Babble" "Payroll"
  Assets:US:BofA:Checking                         2550.60 USD
  Income:US:Babble:Salary                        -4615.38 USD
  Income:US:Babble:GroupTermLife                   -24.32 USD
  Expenses:Health:Life:GroupTermLife                24.32 USD
  Expenses:Health:Dental:Insurance                   2.90 USD
  Expenses:Health:Medical:Insurance                 27.38 USD
  Expenses:Health:Vision:Insurance                  42.30 USD
  Expenses:Taxes:Y2023:US:Medicare                 106.62 USD
  Expenses:Taxes:Y2023:US:Federal                 1062.92 USD
  Expenses:Taxes:Y2023:US:State                    365.08 USD
  Expenses:Taxes:Y2023:US:CityNYC                  174.92 USD
  Expenses:Taxes:Y2023:US:SDI                        1.12 USD
  Expenses:Taxes:Y2023:US:SocSec                   281.54 USD
  Assets:US:Babble:Vacation                             5 VACHR
  Income:US:Babble:Vacation                            -5 VACHR

2023-11-23 * "Babble" "Payroll"
  Assets:US:BofA:Checking                         2550.60 USD
  Income:US:Babble:Salary                        -4615.38 USD
  Income:US:Babble:GroupTermLife                   -24.32 USD
  Expenses:Health:Life:GroupTermLife                24.32 USD
  Expenses:Health:Dental:Insurance                   2.90 USD
  Expenses:Health:Medical:Insurance                 27.38 USD
  Expenses:Health:Vision:Insurance                  42.30 USD
  Expenses:Taxes:Y2023:US:Medicare                 106.62 USD
  Expenses:Taxes:Y2023:US:Federal                 1062.92 USD
  Expenses:Taxes:Y2023:US:State                    365.08 USD
  Expenses:Taxes:Y2023:US:CityNYC                  174.92 USD
  Expenses:Taxes:Y2023:US:SDI                        1.12 USD
  Expenses:Taxes:Y2023:US:SocSec                   281.54 USD
  Assets:US:Babble:Vacation                             5 VACHR
  Income:US:Babble:Vacation                            -5 VACHR

2023-12-07 * "Babble" "Payroll"
  Assets:US:BofA:Checking                         2589.06 USD
  Income:US:Babble:Salary                        -4615.38 USD
  Income:US:Babble:GroupTermLife                   -24.32 USD
  Expenses:Health:Life:GroupTermLife                24.32 USD
  Expenses:Health:Dental:Insurance                   2.90 USD
  Expenses:Health:Medical:Insurance                 27.38 USD
  Expenses:Health:Vision:Insurance                  42.30 USD
  Expenses:Taxes:Y2023:US:Medicare                 106.62 USD
  Expenses:Taxes:Y2023:US:Federal                 1062.92 USD
  Expenses:Taxes:Y2023:US:State                    365.08 USD
  Expenses:Taxes:Y2023:US:CityNYC                  174.92 USD
  Expenses:Taxes:Y2023:US:SDI                        1.12 USD
  Expenses:Taxes:Y2023:US:SocSec                   243.08 USD
  Assets:US:Babble:Vacation                             5 VACHR
  Income:US:Babble:Vacation                            -5 VACHR

2023-12-21 * "Babble" "Payroll"
  Assets:US:BofA:Checking                         2832.14 USD
  Income:US:Babble:Salary                        -4615.38 USD
  Income:US:Babble:GroupTermLife                   -24.32 USD
  Expenses:Health:Life:GroupTermLife                24.32 USD
  Expenses:Health:Dental:Insurance                   2.90 USD
  Expenses:Health:Medical:Insurance                 27.38 USD
  Expenses:Health:Vision:Insurance                  42.30 USD
  Expenses:Taxes:Y2023:US:Medicare                 106.62 USD
  Expenses:Taxes:Y2023:US:Federal                 1062.92 USD
  Expenses:Taxes:Y2023:US:State                    365.08 USD
  Expenses:Taxes:Y2023:US:CityNYC                  174.92 USD
  Expenses:Taxes:Y2023:US:SDI                        1.12 USD
  Expenses:Taxes:Y2023:US:SocSec                     0.00 USD
  Assets:US:Babble:Vacation                             5 VACHR
  Income:US:Babble:Vacation                            -5 VACHR

2024-01-04 * "Babble" "Payroll"
  Assets:US:BofA:Checking                         1350.60 USD
  Assets:US:Vanguard:Cash                         1200.00 USD
  Income:US:Babble:Salary                        -4615.38 USD
  Income:US:Babble:GroupTermLife                   -24.32 USD
  Expenses:Health:Life:GroupTermLife                24.32 USD
  Expenses:Health:Dental:Insurance                   2.90 USD
  Expenses:Health:Medical:Insurance                 27.38 USD
  Expenses:Health:Vision:Insurance                  42.30 USD
  Expenses:Taxes:Y2024:US:Medicare                 106.62 USD
  Expenses:Taxes:Y2024:US:Federal                 1062.92 USD
  Expenses:Taxes:Y2024:US:State                    365.08 USD
  Expenses:Taxes:Y2024:US:CityNYC                  174.92 USD
  Expenses:Taxes:Y2024:US:SDI                        1.12 USD
  Expenses:Taxes:Y2024:US:SocSec                   281.54 USD
  Assets:US:Federal:PreTax401k                   -1200.00 IRAUSD
  Expenses:Taxes:Y2024:US:Federal:PreTax401k      1200.00 IRAUSD
  Assets:US:Babble:Vacation                             5 VACHR
  Income:US:Babble:Vacation                            -5 VACHR

2024-01-18 * "Babble" "Payroll"
  Assets:US:BofA:Checking                         1350.60 USD
  Assets:US:Vanguard:Cash                         1200.00 USD
  Income:US:Babble:Salary                        -4615.38 USD
  Income:US:Babble:GroupTermLife                   -24.32 USD
  Expenses:Health:Life:GroupTermLife                24.32 USD
  Expenses:Health:Dental:Insurance                   2.90 USD
  Expenses:Health:Medical:Insurance                 27.38 USD
  Expenses:Health:Vision:Insurance                  42.30 USD
  Expenses:Taxes:Y2024:US:Medicare                 106.62 USD
  Expenses:Taxes:Y2024:US:Federal                 1062.92 USD
  Expenses:Taxes:Y2024:US:State                    365.08 USD
  Expenses:Taxes:Y2024:US:CityNYC                  174.92 USD
  Expenses:Taxes:Y2024:US:SDI                        1.12 USD
  Expenses:Taxes:Y2024:US:SocSec                   281.54 USD
  Assets:US:Federal:PreTax401k                   -1200.00 IRAUSD
  Expenses:Taxes:Y2024:US:Federal:PreTax401k      1200.00 IRAUSD
  Assets:US:Babble:Vacation                             5 VACHR
  Income:US:Babble:Vacation                            -5 VACHR

2024-02-01 * "Babble" "Payroll"
  Assets:US:BofA:Checking                         1350.60 USD
  Assets:US:Vanguard:Cash                         1200.00 USD
  Income:US:Babble:Salary                        -4615.38 USD
  Income:US:Babble:GroupTermLife                   -24.32 USD
  Expenses:Health:Life:GroupTermLife                24.32 USD
  Expenses:Health:Dental:Insurance                   2.90 USD
  Expenses:Health:Medical:Insurance                 27.38 USD
  Expenses:Health:Vision:Insurance                  42.30 USD
  Expenses:Taxes:Y2024:US:Medicare                 106.62 USD
  Expenses:Taxes:Y2024:US:Federal                 1062.92 USD
  Expenses:Taxes:Y2024:US:State                    365.08 USD
  Expenses:Taxes:Y2024:US:CityNYC                  174.92 USD
  Expenses:Taxes:Y2024:US:SDI                        1.12 USD
  Expenses:Taxes:Y2024:US:SocSec                   281.54 USD
  Assets:US:Federal:PreTax401k                   -1200.00 IRAUSD
  Expenses:Taxes:Y2024:US:Federal:PreTax401k      1200.00 IRAUSD
  Assets:US:Babble:Vacation                             5 VACHR
  Income:US:Babble:Vacation                            -5 VACHR

2024-02-15 * "Babble" "Payroll"
  Assets:US:BofA:Checking                         1350.60 USD
  Assets:US:Vanguard:Cash                         1200.00 USD
  Income:US:Babble:Salary                        -4615.38 USD
  Income:US:Babble:GroupTermLife                   -24.32 USD
  Expenses:Health:Life:GroupTermLife                24.32 USD
  Expenses:Health:Dental:Insurance                   2.90 USD
  Expenses:Health:Medical:Insurance                 27.38 USD
  Expenses:Health:Vision:Insurance                  42.30 USD
  Expenses:Taxes:Y2024:US:Medicare                 106.62 USD
  Expenses:Taxes:Y2024:US:Federal                 1062.92 USD
  Expenses:Taxes:Y2024:US:State                    365.08 USD
  Expenses:Taxes:Y2024:US:CityNYC                  174.92 USD
  Expenses:Taxes:Y2024:US:SDI                        1.12 USD
  Expenses:Taxes:Y2024:US:SocSec                   281.54 USD
  Assets:US:Federal:PreTax401k                   -1200.00 IRAUSD
  Expenses:Taxes:Y2024:US:Federal:PreTax401k      1200.00 IRAUSD
  Assets:US:Babble:Vacation                             5 VACHR
  Income:US:Babble:Vacation                            -5 VACHR

2024-02-29 * "Babble" "Payroll"
  Assets:US:BofA:Checking                         1350.60 USD
  Assets:US:Vanguard:Cash                         1200.00 USD
  Income:US:Babble:Salary                        -4615.38 USD
  Income:US:Babble:GroupTermLife                   -24.32 USD
  Expenses:Health:Life:GroupTermLife                24.32 USD
  Expenses:Health:Dental:Insurance                   2.90 USD
  Expenses:Health:Medical:Insurance                 27.38 USD
  Expenses:Health:Vision:Insurance                  42.30 USD
  Expenses:Taxes:Y2024:US:Medicare                 106.62 USD
  Expenses:Taxes:Y2024:US:Federal                 1062.92 USD
  Expenses:Taxes:Y2024:US:State                    365.08 USD
  Expenses:Taxes:Y2024:US:CityNYC                  174.92 USD
  Expenses:Taxes:Y2024:US:SDI                        1.12 USD
  Expenses:Taxes:Y2024:US:SocSec                   281.54 USD
  Assets:US:Federal:PreTax401k                   -1200.00 IRAUSD
  Expenses:Taxes:Y2024:US:Federal:PreTax401k      1200.00 IRAUSD
  Assets:US:Babble:Vacation                             5 VACHR
  Income:US:Babble:Vacation                            -5 VACHR

2024-03-14 * "Babble" "Payroll"
  Assets:US:BofA:Checking                         1350.60 USD
  Assets:US:Vanguard:Cash                         1200.00 USD
  Income:US:Babble:Salary                        -4615.38 USD
  Income:US:Babble:GroupTermLife                   -24.32 USD
  Expenses:Health:Life:GroupTermLife                24.32 USD
  Expenses:Health:Dental:Insurance                   2.90 USD
  Expenses:Health:Medical:Insurance                 27.38 USD
  Expenses:Health:Vision:Insurance                  42.30 USD
  Expenses:Taxes:Y2024:US:Medicare                 106.62 USD
  Expenses:Taxes:Y2024:US:Federal                 1062.92 USD
  Expenses:Taxes:Y2024:US:State                    365.08 USD
  Expenses:Taxes:Y2024:US:CityNYC                  174.92 USD
  Expenses:Taxes:Y2024:US:SDI                        1.12 USD
  Expenses:Taxes:Y2024:US:SocSec                   281.54 USD
  Assets:US:Federal:PreTax401k                   -1200.00 IRAUSD
  Expenses:Taxes:Y2024:US:Federal:PreTax401k      1200.00 IRAUSD
  Assets:US:Babble:Vacation                             5 VACHR
  Income:US:Babble:Vacation                            -5 VACHR

2024-03-28 * "Babble" "Payroll"
  Assets:US:BofA:Checking                         1350.60 USD
  Assets:US:Vanguard:Cash                         1200.00 USD
  Income:US:Babble:Salary                        -4615.38 USD
  Income:US:Babble:GroupTermLife                   -24.32 USD
  Expenses:Health:Life:GroupTermLife                24.32 USD
  Expenses:Health:Dental:Insurance                   2.90 USD
  Expenses:Health:Medical:Insurance                 27.38 USD
  Expenses:Health:Vision:Insurance                  42.30 USD
  Expenses:Taxes:Y2024:US:Medicare                 106.62 USD
  Expenses:Taxes:Y2024:US:Federal                 1062.92 USD
  Expenses:Taxes:Y2024:US:State                    365.08 USD
  Expenses:Taxes:Y2024:US:CityNYC                  174.92 USD
  Expenses:Taxes:Y2024:US:SDI                        1.12 USD
  Expenses:Taxes:Y2024:US:SocSec                   281.54 USD
  Assets:US:Federal:PreTax401k                   -1200.00 IRAUSD
  Expenses:Taxes:Y2024:US:Federal:PreTax401k      1200.00 IRAUSD
  Assets:US:Babble:Vacation                             5 VACHR
  Income:US:Babble:Vacation                            -5 VACHR

2024-04-11 * "Babble" "Payroll"
  Assets:US:BofA:Checking                         1350.60 USD
  Assets:US:Vanguard:Cash                         1200.00 USD
  Income:US:Babble:Salary                        -4615.38 USD
  Income:US:Babble:GroupTermLife                   -24.32 USD
  Expenses:Health:Life:GroupTermLife                24.32 USD
  Expenses:Health:Dental:Insurance                   2.90 USD
  Expenses:Health:Medical:Insurance                 27.38 USD
  Expenses:Health:Vision:Insurance                  42.30 USD
  Expenses:Taxes:Y2024:US:Medicare                 106.62 USD
  Expenses:Taxes:Y2024:US:Federal                 1062.92 USD
  Expenses:Taxes:Y2024:US:State                    365.08 USD
  Expenses:Taxes:Y2024:US:CityNYC                  174.92 USD
  Expenses:Taxes:Y2024:US:SDI                        1.12 USD
  Expenses:Taxes:Y2024:US:SocSec                   281.54 USD
  Assets:US:Federal:PreTax401k                   -1200.00 IRAUSD
  Expenses:Taxes:Y2024:US:Federal:PreTax401k      1200.00 IRAUSD
  Assets:US:Babble:Vacation                             5 VACHR
  Income:US:Babble:Vacation                            -5 VACHR

2024-04-25 * "Babble" "Payroll"
  Assets:US:BofA:Checking                         1350.60 USD
  Assets:US:Vanguard:Cash                         1200.00 USD
  Income:US:Babble:Salary                        -4615.38 USD
  Income:US:Babble:GroupTermLife                   -24.32 USD
  Expenses:Health:Life:GroupTermLife                24.32 USD
  Expenses:Health:Dental:Insurance                   2.90 USD
  Expenses:Health:Medical:Insurance                 27.38 USD
  Expenses:Health:Vision:Insurance                  42.30 USD
  Expenses:Taxes:Y2024:US:Medicare                 106.62 USD
  Expenses:Taxes:Y2024:US:Federal                 1062.92 USD
  Expenses:Taxes:Y2024:US:State                    365.08 USD
  Expenses:Taxes:Y2024:US:CityNYC                  174.92 USD
  Expenses:Taxes:Y2024:US:SDI                        1.12 USD
  Expenses:Taxes:Y2024:US:SocSec                   281.54 USD
  Assets:US:Federal:PreTax401k                   -1200.00 IRAUSD
  Expenses:Taxes:Y2024:US:Federal:PreTax401k      1200.00 IRAUSD
  Assets:US:Babble:Vacation                             5 VACHR
  Income:US:Babble:Vacation                            -5 VACHR

2024-05-09 * "Babble" "Payroll"
  Assets:US:BofA:Checking                         1350.60 USD
  Assets:US:Vanguard:Cash                         1200.00 USD
  Income:US:Babble:Salary                        -4615.38 USD
  Income:US:Babble:GroupTermLife                   -24.32 USD
  Expenses:Health:Life:GroupTermLife                24.32 USD
  Expenses:Health:Dental:Insurance                   2.90 USD
  Expenses:Health:Medical:Insurance                 27.38 USD
  Expenses:Health:Vision:Insurance                  42.30 USD
  Expenses:Taxes:Y2024:US:Medicare                 106.62 USD
  Expenses:Taxes:Y2024:US:Federal                 1062.92 USD
  Expenses:Taxes:Y2024:US:State                    365.08 USD
  Expenses:Taxes:Y2024:US:CityNYC                  174.92 USD
  Expenses:Taxes:Y2024:US:SDI                        1.12 USD
  Expenses:Taxes:Y2024:US:SocSec                   281.54 USD
  Assets:US:Federal:PreTax401k                   -1200.00 IRAUSD
  Expenses:Taxes:Y2024:US:Federal:PreTax401k      1200.00 IRAUSD
  Assets:US:Babble:Vacation                             5 VACHR
  Income:US:Babble:Vacation                            -5 VACHR

2024-05-23 * "Babble" "Payroll"
  Assets:US:BofA:Checking                         1350.60 USD
  Assets:US:Vanguard:Cash                         1200.00 USD
  Income:US:Babble:Salary                        -4615.38 USD
  Income:US:Babble:GroupTermLife                   -24.32 USD
  Expenses:Health:Life:GroupTermLife                24.32 USD
  Expenses:Health:Dental:Insurance                   2.90 USD
  Expenses:Health:Medical:Insurance                 27.38 USD
  Expenses:Health:Vision:Insurance                  42.30 USD
  Expenses:Taxes:Y2024:US:Medicare                 106.62 USD
  Expenses:Taxes:Y2024:US:Federal                 1062.92 USD
  Expenses:Taxes:Y2024:US:State                    365.08 USD
  Expenses:Taxes:Y2024:US:CityNYC                  174.92 USD
  Expenses:Taxes:Y2024:US:SDI                        1.12 USD
  Expenses:Taxes:Y2024:US:SocSec                   281.54 USD
  Assets:US:Federal:PreTax401k                   -1200.00 IRAUSD
  Expenses:Taxes:Y2024:US:Federal:PreTax401k      1200.00 IRAUSD
  Assets:US:Babble:Vacation                             5 VACHR
  Income:US:Babble:Vacation                            -5 VACHR

2024-06-06 * "Babble" "Payroll"
  Assets:US:BofA:Checking                         1350.60 USD
  Assets:US:Vanguard:Cash                         1200.00 USD
  Income:US:Babble:Salary                        -4615.38 USD
  Income:US:Babble:GroupTermLife                   -24.32 USD
  Expenses:Health:Life:GroupTermLife                24.32 USD
  Expenses:Health:Dental:Insurance                   2.90 USD
  Expenses:Health:Medical:Insurance                 27.38 USD
  Expenses:Health:Vision:Insurance                  42.30 USD
  Expenses:Taxes:Y2024:US:Medicare                 106.62 USD
  Expenses:Taxes:Y2024:US:Federal                 1062.92 USD
  Expenses:Taxes:Y2024:US:State                    365.08 USD
  Expenses:Taxes:Y2024:US:CityNYC                  174.92 USD
  Expenses:Taxes:Y2024:US:SDI                        1.12 USD
  Expenses:Taxes:Y2024:US:SocSec                   281.54 USD
  Assets:US:Federal:PreTax401k                   -1200.00 IRAUSD
  Expenses:Taxes:Y2024:US:Federal:PreTax401k      1200.00 IRAUSD
  Assets:US:Babble:Vacation                             5 VACHR
  Income:US:Babble:Vacation                            -5 VACHR

2024-06-20 * "Babble" "Payroll"
  Assets:US:BofA:Checking                         1350.60 USD
  Assets:US:Vanguard:Cash                         1200.00 USD
  Income:US:Babble:Salary                        -4615.38 USD
  Income:US:Babble:GroupTermLife                   -24.32 USD
  Expenses:Health:Life:GroupTermLife                24.32 USD
  Expenses:Health:Dental:Insurance                   2.90 USD
  Expenses:Health:Medical:Insurance                 27.38 USD
  Expenses:Health:Vision:Insurance                  42.30 USD
  Expenses:Taxes:Y2024:US:Medicare                 106.62 USD
  Expenses:Taxes:Y2024:US:Federal                 1062.92 USD
  Expenses:Taxes:Y2024:US:State                    365.08 USD
  Expenses:Taxes:Y2024:US:CityNYC                  174.92 USD
  Expenses:Taxes:Y2024:US:SDI                        1.12 USD
  Expenses:Taxes:Y2024:US:SocSec                   281.54 USD
  Assets:US:Federal:PreTax401k                   -1200.00 IRAUSD
  Expenses:Taxes:Y2024:US:Federal:PreTax401k      1200.00 IRAUSD
  Assets:US:Babble:Vacation                             5 VACHR
  Income:US:Babble:Vacation                            -5 VACHR

2024-07-04 * "Babble" "Payroll"
  Assets:US:BofA:Checking                         1350.60 USD
  Assets:US:Vanguard:Cash                         1200.00 USD
  Income:US:Babble:Salary                        -4615.38 USD
  Income:US:Babble:GroupTermLife                   -24.32 USD
  Expenses:Health:Life:GroupTermLife                24.32 USD
  Expenses:Health:Dental:Insurance                   2.90 USD
  Expenses:Health:Medical:Insurance                 27.38 USD
  Expenses:Health:Vision:Insurance                  42.30 USD
  Expenses:Taxes:Y2024:US:Medicare                 106.62 USD
  Expenses:Taxes:Y2024:US:Federal                 1062.92 USD
  Expenses:Taxes:Y2024:US:State                    365.08 USD
  Expenses:Taxes:Y2024:US:CityNYC                  174.92 USD
  Expenses:Taxes:Y2024:US:SDI                        1.12 USD
  Expenses:Taxes:Y2024:US:SocSec                   281.54 USD
  Assets:US:Federal:PreTax401k                   -1200.00 IRAUSD
  Expenses:Taxes:Y2024:US:Federal:PreTax401k      1200.00 IRAUSD
  Assets:US:Babble:Vacation                             5 VACHR
  Income:US:Babble:Vacation                            -5 VACHR

2024-07-18 * "Babble" "Payroll"
  Assets:US:BofA:Checking                         1350.60 USD
  Assets:US:Vanguard:Cash                         1200.00 USD
  Income:US:Babble:Salary                        -4615.38 USD
  Income:US:Babble:GroupTermLife                   -24.32 USD
  Expenses:Health:Life:GroupTermLife                24.32 USD
  Expenses:Health:Dental:Insurance                   2.90 USD
  Expenses:Health:Medical:Insurance                 27.38 USD
  Expenses:Health:Vision:Insurance                  42.30 USD
  Expenses:Taxes:Y2024:US:Medicare                 106.62 USD
  Expenses:Taxes:Y2024:US:Federal                 1062.92 USD
  Expenses:Taxes:Y2024:US:State                    365.08 USD
  Expenses:Taxes:Y2024:US:CityNYC                  174.92 USD
  Expenses:Taxes:Y2024:US:SDI                        1.12 USD
  Expenses:Taxes:Y2024:US:SocSec                   281.54 USD
  Assets:US:Federal:PreTax401k                   -1200.00 IRAUSD
  Expenses:Taxes:Y2024:US:Federal:PreTax401k      1200.00 IRAUSD
  Assets:US:Babble:Vacation                             5 VACHR
  Income:US:Babble:Vacation                            -5 VACHR

2024-08-01 * "Babble" "Payroll"
  Assets:US:BofA:Checking                         2050.60 USD
  Assets:US:Vanguard:Cash                          500.00 USD
  Income:US:Babble:Salary                        -4615.38 USD
  Income:US:Babble:GroupTermLife                   -24.32 USD
  Expenses:Health:Life:GroupTermLife                24.32 USD
  Expenses:Health:Dental:Insurance                   2.90 USD
  Expenses:Health:Medical:Insurance                 27.38 USD
  Expenses:Health:Vision:Insurance                  42.30 USD
  Expenses:Taxes:Y2024:US:Medicare                 106.62 USD
  Expenses:Taxes:Y2024:US:Federal                 1062.92 USD
  Expenses:Taxes:Y2024:US:State                    365.08 USD
  Expenses:Taxes:Y2024:US:CityNYC                  174.92 USD
  Expenses:Taxes:Y2024:US:SDI                        1.12 USD
  Expenses:Taxes:Y2024:US:SocSec                   281.54 USD
  Assets:US:Federal:PreTax401k                    -500.00 IRAUSD
  Expenses:Taxes:Y2024:US:Federal:PreTax401k       500.00 IRAUSD
  Assets:US:Babble:Vacation                             5 VACHR
  Income:US:Babble:Vacation                            -5 VACHR

2024-08-15 * "Babble" "Payroll"
  Assets:US:BofA:Checking                         2550.60 USD
  Income:US:Babble:Salary                        -4615.38 USD
  Income:US:Babble:GroupTermLife                   -24.32 USD
  Expenses:Health:Life:GroupTermLife                24.32 USD
  Expenses:Health:Dental:Insurance                   2.90 USD
  Expenses:Health:Medical:Insurance                 27.38 USD
  Expenses:Health:Vision:Insurance                  42.30 USD
  Expenses:Taxes:Y2024:US:Medicare                 106.62 USD
  Expenses:Taxes:Y2024:US:Federal                 1062.92 USD
  Expenses:Taxes:Y2024:US:State                    365.08 USD
  Expenses:Taxes:Y2024:US:CityNYC                  174.92 USD
  Expenses:Taxes:Y2024:US:SDI                        1.12 USD
  Expenses:Taxes:Y2024:US:SocSec                   281.54 USD
  Assets:US:Babble:Vacation                             5 VACHR
  Income:US:Babble:Vacation                            -5 VACHR

2024-08-29 * "Babble" "Payroll"
  Assets:US:BofA:Checking                         2550.60 USD
  Income:US:Babble:Salary                        -4615.38 USD
  Income:US:Babble:GroupTermLife                   -24.32 USD
  Expenses:Health:Life:GroupTermLife                24.32 USD
  Expenses:Health:Dental:Insurance                   2.90 USD
  Expenses:Health:Medical:Insurance                 27.38 USD
  Expenses:Health:Vision:Insurance                  42.30 USD
  Expenses:Taxes:Y2024:US:Medicare                 106.62 USD
  Expenses:Taxes:Y2024:US:Federal                 1062.92 USD
  Expenses:Taxes:Y2024:US:State                    365.08 USD
  Expenses:Taxes:Y2024:US:CityNYC                  174.92 USD
  Expenses:Taxes:Y2024:US:SDI                        1.12 USD
  Expenses:Taxes:Y2024:US:SocSec                   281.54 USD
  Assets:US:Babble:Vacation                             5 VACHR
  Income:US:Babble:Vacation                            -5 VACHR

2024-09-12 * "Babble" "Payroll"
  Assets:US:BofA:Checking                         2550.60 USD
  Income:US:Babble:Salary                        -4615.38 USD
  Income:US:Babble:GroupTermLife                   -24.32 USD
  Expenses:Health:Life:GroupTermLife                24.32 USD
  Expenses:Health:Dental:Insurance                   2.90 USD
  Expenses:Health:Medical:Insurance                 27.38 USD
  Expenses:Health:Vision:Insurance                  42.30 USD
  Expenses:Taxes:Y2024:US:Medicare                 106.62 USD
  Expenses:Taxes:Y2024:US:Federal                 1062.92 USD
  Expenses:Taxes:Y2024:US:State                    365.08 USD
  Expenses:Taxes:Y2024:US:CityNYC                  174.92 USD
  Expenses:Taxes:Y2024:US:SDI                        1.12 USD
  Expenses:Taxes:Y2024:US:SocSec                   281.54 USD
  Assets:US:Babble:Vacation                             5 VACHR
  Income:US:Babble:Vacation                            -5 VACHR

2024-09-26 * "Babble" "Payroll"
  Assets:US:BofA:Checking                         2550.60 USD
  Income:US:Babble:Salary                        -4615.38 USD
  Income:US:Babble:GroupTermLife                   -24.32 USD
  Expenses:Health:Life:GroupTermLife                24.32 USD
  Expenses:Health:Dental:Insurance                   2.90 USD
  Expenses:Health:Medical:Insurance                 27.38 USD
  Expenses:Health:Vision:Insurance                  42.30 USD
  Expenses:Taxes:Y2024:US:Medicare                 106.62 USD
  Expenses:Taxes:Y2024:US:Federal                 1062.92 USD
  Expenses:Taxes:Y2024:US:State                    365.08 USD
  Expenses:Taxes:Y2024:US:CityNYC                  174.92 USD
  Expenses:Taxes:Y2024:US:SDI                        1.12 USD
  Expenses:Taxes:Y2024:US:SocSec                   281.54 USD
  Assets:US:Babble:Vacation                             5 VACHR
  Income:US:Babble:Vacation                            -5 VACHR

2024-10-10 * "Babble" "Payroll"
  Assets:US:BofA:Checking                         2550.60 USD
  Income:US:Babble:Salary                        -4615.38 USD
  Income:US:Babble:GroupTermLife                   -24.32 USD
  Expenses:Health:Life:GroupTermLife                24.32 USD
  Expenses:Health:Dental:Insurance                   2.90 USD
  Expenses:Health:Medical:Insurance                 27.38 USD
  Expenses:Health:Vision:Insurance                  42.30 USD
  Expenses:Taxes:Y2024:US:Medicare                 106.62 USD
  Expenses:Taxes:Y2024:US:Federal                 1062.92 USD
  Expenses:Taxes:Y2024:US:State                    365.08 USD
  Expenses:Taxes:Y2024:US:CityNYC                  174.92 USD
  Expenses:Taxes:Y2024:US:SDI                        1.12 USD
  Expenses:Taxes:Y2024:US:SocSec                   281.54 USD
  Assets:US:Babble:Vacation                             5 VACHR
  Income:US:Babble:Vacation                            -5 VACHR

2024-10-24 * "Babble" "Payroll"
  Assets:US:BofA:Checking                         2550.60 USD
  Income:US:Babble:Salary                        -4615.38 USD
  Income:US:Babble:GroupTermLife                   -24.32 USD
  Expenses:Health:Life:GroupTermLife                24.32 USD
  Expenses:Health:Dental:Insurance                   2.90 USD
  Expenses:Health:Medical:Insurance                 27.38 USD
  Expenses:Health:Vision:Insurance                  42.30 USD
  Expenses:Taxes:Y2024:US:Medicare                 106.62 USD
  Expenses:Taxes:Y2024:US:Federal                 1062.92 USD
  Expenses:Taxes:Y2024:US:State                    365.08 USD
  Expenses:Taxes:Y2024:US:CityNYC                  174.92 USD
  Expenses:Taxes:Y2024:US:SDI                        1.12 USD
  Expenses:Taxes:Y2024:US:SocSec                   281.54 USD
  Assets:US:Babble:Vacation                             5 VACHR
  Income:US:Babble:Vacation                            -5 VACHR

2024-11-07 * "Babble" "Payroll"
  Assets:US:BofA:Checking                         2550.60 USD
  Income:US:Babble:Salary                        -4615.38 USD
  Income:US:Babble:GroupTermLife                   -24.32 USD
  Expenses:Health:Life:GroupTermLife                24.32 USD
  Expenses:Health:Dental:Insurance                   2.90 USD
  Expenses:Health:Medical:Insurance                 27.38 USD
  Expenses:Health:Vision:Insurance                  42.30 USD
  Expenses:Taxes:Y2024:US:Medicare                 106.62 USD
  Expenses:Taxes:Y2024:US:Federal                 1062.92 USD
  Expenses:Taxes:Y2024:US:State                    365.08 USD
  Expenses:Taxes:Y2024:US:CityNYC                  174.92 USD
  Expenses:Taxes:Y2024:US:SDI                        1.12 USD
  Expenses:Taxes:Y2024:US:SocSec                   281.54 USD
  Assets:US:Babble:Vacation                             5 VACHR
  Income:US:Babble:Vacation                            -5 VACHR

2024-11-21 * "Babble" "Payroll"
  Assets:US:BofA:Checking                         2550.60 USD
  Income:US:Babble:Salary                        -4615.38 USD
  Income:US:Babble:GroupTermLife                   -24.32 USD
  Expenses:Health:Life:GroupTermLife                24.32 USD
  Expenses:Health:Dental:Insurance                   2.90 USD
  Expenses:Health:Medical:Insurance                 27.38 USD
  Expenses:Health:Vision:Insurance                  42.30 USD
  Expenses:Taxes:Y2024:US:Medicare                 106.62 USD
  Expenses:Taxes:Y2024:US:Federal                 1062.92 USD
  Expenses:Taxes:Y2024:US:State                    365.08 USD
  Expenses:Taxes:Y2024:US:CityNYC                  174.92 USD
  Expenses:Taxes:Y2024:US:SDI                        1.12 USD
  Expenses:Taxes:Y2024:US:SocSec                   281.54 USD
  Assets:US:Babble:Vacation                             5 VACHR
  Income:US:Babble:Vacation                            -5 VACHR

2024-12-05 * "Babble" "Payroll"
  Assets:US:BofA:Checking                         2589.06 USD
  Income:US:Babble:Salary                        -4615.38 USD
  Income:US:Babble:GroupTermLife                   -24.32 USD
  Expenses:Health:Life:GroupTermLife                24.32 USD
  Expenses:Health:Dental:Insurance                   2.90 USD
  Expenses:Health:Medical:Insurance                 27.38 USD
  Expenses:Health:Vision:Insurance                  42.30 USD
  Expenses:Taxes:Y2024:US:Medicare                 106.62 USD
  Expenses:Taxes:Y2024:US:Federal                 1062.92 USD
  Expenses:Taxes:Y2024:US:State                    365.08 USD
  Expenses:Taxes:Y2024:US:CityNYC                  174.92 USD
  Expenses:Taxes:Y2024:US:SDI                        1.12 USD
  Expenses:Taxes:Y2024:US:SocSec                   243.08 USD
  Assets:US:Babble:Vacation                             5 VACHR
  Income:US:Babble:Vacation                            -5 VACHR

2024-12-19 * "Babble" "Payroll"
  Assets:US:BofA:Checking                         2832.14 USD
  Income:US:Babble:Salary                        -4615.38 USD
  Income:US:Babble:GroupTermLife                   -24.32 USD
  Expenses:Health:Life:GroupTermLife                24.32 USD
  Expenses:Health:Dental:Insurance                   2.90 USD
  Expenses:Health:Medical:Insurance                 27.38 USD
  Expenses:Health:Vision:Insurance                  42.30 USD
  Expenses:Taxes:Y2024:US:Medicare                 106.62 USD
  Expenses:Taxes:Y2024:US:Federal                 1062.92 USD
  Expenses:Taxes:Y2024:US:State                    365.08 USD
  Expenses:Taxes:Y2024:US:CityNYC                  174.92 USD
  Expenses:Taxes:Y2024:US:SDI                        1.12 USD
  Expenses:Taxes:Y2024:US:SocSec                     0.00 USD
  Assets:US:Babble:Vacation                             5 VACHR
  Income:US:Babble:Vacation                            -5 VACHR

2025-01-02 * "Babble" "Payroll"
  Assets:US:BofA:Checking                         1350.60 USD
  Assets:US:Vanguard:Cash                         1200.00 USD
  Income:US:Babble:Salary                        -4615.38 USD
  Income:US:Babble:GroupTermLife                   -24.32 USD
  Expenses:Health:Life:GroupTermLife                24.32 USD
  Expenses:Health:Dental:Insurance                   2.90 USD
  Expenses:Health:Medical:Insurance                 27.38 USD
  Expenses:Health:Vision:Insurance                  42.30 USD
  Expenses:Taxes:Y2025:US:Medicare                 106.62 USD
  Expenses:Taxes:Y2025:US:Federal                 1062.92 USD
  Expenses:Taxes:Y2025:US:State                    365.08 USD
  Expenses:Taxes:Y2025:US:CityNYC                  174.92 USD
  Expenses:Taxes:Y2025:US:SDI                        1.12 USD
  Expenses:Taxes:Y2025:US:SocSec                   281.54 USD
  Assets:US:Federal:PreTax401k                   -1200.00 IRAUSD
  Expenses:Taxes:Y2025:US:Federal:PreTax401k      1200.00 IRAUSD
  Assets:US:Babble:Vacation                             5 VACHR
  Income:US:Babble:Vacation                            -5 VACHR

2025-01-16 * "Babble" "Payroll"
  Assets:US:BofA:Checking                         1350.60 USD
  Assets:US:Vanguard:Cash                         1200.00 USD
  Income:US:Babble:Salary                        -4615.38 USD
  Income:US:Babble:GroupTermLife                   -24.32 USD
  Expenses:Health:Life:GroupTermLife                24.32 USD
  Expenses:Health:Dental:Insurance                   2.90 USD
  Expenses:Health:Medical:Insurance                 27.38 USD
  Expenses:Health:Vision:Insurance                  42.30 USD
  Expenses:Taxes:Y2025:US:Medicare                 106.62 USD
  Expenses:Taxes:Y2025:US:Federal                 1062.92 USD
  Expenses:Taxes:Y2025:US:State                    365.08 USD
  Expenses:Taxes:Y2025:US:CityNYC                  174.92 USD
  Expenses:Taxes:Y2025:US:SDI                        1.12 USD
  Expenses:Taxes:Y2025:US:SocSec                   281.54 USD
  Assets:US:Federal:PreTax401k                   -1200.00 IRAUSD
  Expenses:Taxes:Y2025:US:Federal:PreTax401k      1200.00 IRAUSD
  Assets:US:Babble:Vacation                             5 VACHR
  Income:US:Babble:Vacation                            -5 VACHR

2025-01-30 * "Babble" "Payroll"
  Assets:US:BofA:Checking                         1350.60 USD
  Assets:US:Vanguard:Cash                         1200.00 USD
  Income:US:Babble:Salary                        -4615.38 USD
  Income:US:Babble:GroupTermLife                   -24.32 USD
  Expenses:Health:Life:GroupTermLife                24.32 USD
  Expenses:Health:Dental:Insurance                   2.90 USD
  Expenses:Health:Medical:Insurance                 27.38 USD
  Expenses:Health:Vision:Insurance                  42.30 USD
  Expenses:Taxes:Y2025:US:Medicare                 106.62 USD
  Expenses:Taxes:Y2025:US:Federal                 1062.92 USD
  Expenses:Taxes:Y2025:US:State                    365.08 USD
  Expenses:Taxes:Y2025:US:CityNYC                  174.92 USD
  Expenses:Taxes:Y2025:US:SDI                        1.12 USD
  Expenses:Taxes:Y2025:US:SocSec                   281.54 USD
  Assets:US:Federal:PreTax401k                   -1200.00 IRAUSD
  Expenses:Taxes:Y2025:US:Federal:PreTax401k      1200.00 IRAUSD
  Assets:US:Babble:Vacation                             5 VACHR
  Income:US:Babble:Vacation                            -5 VACHR

2025-02-13 * "Babble" "Payroll"
  Assets:US:BofA:Checking                         1350.60 USD
  Assets:US:Vanguard:Cash                         1200.00 USD
  Income:US:Babble:Salary                        -4615.38 USD
  Income:US:Babble:GroupTermLife                   -24.32 USD
  Expenses:Health:Life:GroupTermLife                24.32 USD
  Expenses:Health:Dental:Insurance                   2.90 USD
  Expenses:Health:Medical:Insurance                 27.38 USD
  Expenses:Health:Vision:Insurance                  42.30 USD
  Expenses:Taxes:Y2025:US:Medicare                 106.62 USD
  Expenses:Taxes:Y2025:US:Federal                 1062.92 USD
  Expenses:Taxes:Y2025:US:State                    365.08 USD
  Expenses:Taxes:Y2025:US:CityNYC                  174.92 USD
  Expenses:Taxes:Y2025:US:SDI                        1.12 USD
  Expenses:Taxes:Y2025:US:SocSec                   281.54 USD
  Assets:US:Federal:PreTax401k                   -1200.00 IRAUSD
  Expenses:Taxes:Y2025:US:Federal:PreTax401k      1200.00 IRAUSD
  Assets:US:Babble:Vacation                             5 VACHR
  Income:US:Babble:Vacation                            -5 VACHR

2025-02-27 * "Babble" "Payroll"
  Assets:US:BofA:Checking                         1350.60 USD
  Assets:US:Vanguard:Cash                         1200.00 USD
  Income:US:Babble:Salary                        -4615.38 USD
  Income:US:Babble:GroupTermLife                   -24.32 USD
  Expenses:Health:Life:GroupTermLife                24.32 USD
  Expenses:Health:Dental:Insurance                   2.90 USD
  Expenses:Health:Medical:Insurance                 27.38 USD
  Expenses:Health:Vision:Insurance                  42.30 USD
  Expenses:Taxes:Y2025:US:Medicare                 106.62 USD
  Expenses:Taxes:Y2025:US:Federal                 1062.92 USD
  Expenses:Taxes:Y2025:US:State                    365.08 USD
  Expenses:Taxes:Y2025:US:CityNYC                  174.92 USD
  Expenses:Taxes:Y2025:US:SDI                        1.12 USD
  Expenses:Taxes:Y2025:US:SocSec                   281.54 USD
  Assets:US:Federal:PreTax401k                   -1200.00 IRAUSD
  Expenses:Taxes:Y2025:US:Federal:PreTax401k      1200.00 IRAUSD
  Assets:US:Babble:Vacation                             5 VACHR
  Income:US:Babble:Vacation                            -5 VACHR

2025-03-13 * "Babble" "Payroll"
  Assets:US:BofA:Checking                         1350.60 USD
  Assets:US:Vanguard:Cash                         1200.00 USD
  Income:US:Babble:Salary                        -4615.38 USD
  Income:US:Babble:GroupTermLife                   -24.32 USD
  Expenses:Health:Life:GroupTermLife                24.32 USD
  Expenses:Health:Dental:Insurance                   2.90 USD
  Expenses:Health:Medical:Insurance                 27.38 USD
  Expenses:Health:Vision:Insurance                  42.30 USD
  Expenses:Taxes:Y2025:US:Medicare                 106.62 USD
  Expenses:Taxes:Y2025:US:Federal                 1062.92 USD
  Expenses:Taxes:Y2025:US:State                    365.08 USD
  Expenses:Taxes:Y2025:US:CityNYC                  174.92 USD
  Expenses:Taxes:Y2025:US:SDI                        1.12 USD
  Expenses:Taxes:Y2025:US:SocSec                   281.54 USD
  Assets:US:Federal:PreTax401k                   -1200.00 IRAUSD
  Expenses:Taxes:Y2025:US:Federal:PreTax401k      1200.00 IRAUSD
  Assets:US:Babble:Vacation                             5 VACHR
  Income:US:Babble:Vacation                            -5 VACHR

2025-03-27 * "Babble" "Payroll"
  Assets:US:BofA:Checking                         1350.60 USD
  Assets:US:Vanguard:Cash                         1200.00 USD
  Income:US:Babble:Salary                        -4615.38 USD
  Income:US:Babble:GroupTermLife                   -24.32 USD
  Expenses:Health:Life:GroupTermLife                24.32 USD
  Expenses:Health:Dental:Insurance                   2.90 USD
  Expenses:Health:Medical:Insurance                 27.38 USD
  Expenses:Health:Vision:Insurance                  42.30 USD
  Expenses:Taxes:Y2025:US:Medicare                 106.62 USD
  Expenses:Taxes:Y2025:US:Federal                 1062.92 USD
  Expenses:Taxes:Y2025:US:State                    365.08 USD
  Expenses:Taxes:Y2025:US:CityNYC                  174.92 USD
  Expenses:Taxes:Y2025:US:SDI                        1.12 USD
  Expenses:Taxes:Y2025:US:SocSec                   281.54 USD
  Assets:US:Federal:PreTax401k                   -1200.00 IRAUSD
  Expenses:Taxes:Y2025:US:Federal:PreTax401k      1200.00 IRAUSD
  Assets:US:Babble:Vacation                             5 VACHR
  Income:US:Babble:Vacation                            -5 VACHR

2025-04-10 * "Babble" "Payroll"
  Assets:US:BofA:Checking                         1350.60 USD
  Assets:US:Vanguard:Cash                         1200.00 USD
  Income:US:Babble:Salary                        -4615.38 USD
  Income:US:Babble:GroupTermLife                   -24.32 USD
  Expenses:Health:Life:GroupTermLife                24.32 USD
  Expenses:Health:Dental:Insurance                   2.90 USD
  Expenses:Health:Medical:Insurance                 27.38 USD
  Expenses:Health:Vision:Insurance                  42.30 USD
  Expenses:Taxes:Y2025:US:Medicare                 106.62 USD
  Expenses:Taxes:Y2025:US:Federal                 1062.92 USD
  Expenses:Taxes:Y2025:US:State                    365.08 USD
  Expenses:Taxes:Y2025:US:CityNYC                  174.92 USD
  Expenses:Taxes:Y2025:US:SDI                        1.12 USD
  Expenses:Taxes:Y2025:US:SocSec                   281.54 USD
  Assets:US:Federal:PreTax401k                   -1200.00 IRAUSD
  Expenses:Taxes:Y2025:US:Federal:PreTax401k      1200.00 IRAUSD
  Assets:US:Babble:Vacation                             5 VACHR
  Income:US:Babble:Vacation                            -5 VACHR

2025-04-24 * "Babble" "Payroll"
  Assets:US:BofA:Checking                         1350.60 USD
  Assets:US:Vanguard:Cash                         1200.00 USD
  Income:US:Babble:Salary                        -4615.38 USD
  Income:US:Babble:GroupTermLife                   -24.32 USD
  Expenses:Health:Life:GroupTermLife                24.32 USD
  Expenses:Health:Dental:Insurance                   2.90 USD
  Expenses:Health:Medical:Insurance                 27.38 USD
  Expenses:Health:Vision:Insurance                  42.30 USD
  Expenses:Taxes:Y2025:US:Medicare                 106.62 USD
  Expenses:Taxes:Y2025:US:Federal                 1062.92 USD
  Expenses:Taxes:Y2025:US:State                    365.08 USD
  Expenses:Taxes:Y2025:US:CityNYC                  174.92 USD
  Expenses:Taxes:Y2025:US:SDI                        1.12 USD
  Expenses:Taxes:Y2025:US:SocSec                   281.54 USD
  Assets:US:Federal:PreTax401k                   -1200.00 IRAUSD
  Expenses:Taxes:Y2025:US:Federal:PreTax401k      1200.00 IRAUSD
  Assets:US:Babble:Vacation                             5 VACHR
  Income:US:Babble:Vacation                            -5 VACHR



* Taxes

1980-05-12 open Income:US:Federal:PreTax401k                    IRAUSD
1980-05-12 open Assets:US:Federal:PreTax401k                    IRAUSD



** Tax Year 2023

2023-01-01 open Expenses:Taxes:Y2023:US:Federal:PreTax401k      IRAUSD
2023-01-01 open Expenses:Taxes:Y2023:US:Medicare                USD
2023-01-01 open Expenses:Taxes:Y2023:US:Federal                 USD
2023-01-01 open Expenses:Taxes:Y2023:US:CityNYC                 USD
2023-01-01 open Expenses:Taxes:Y2023:US:SDI                     USD
2023-01-01 open Expenses:Taxes:Y2023:US:State                   USD
2023-01-01 open Expenses:Taxes:Y2023:US:SocSec                  USD

2023-01-01 balance Assets:US:Federal:PreTax401k         0 IRAUSD

2023-01-01 * "Allowed contributions for one year"
  Income:US:Federal:PreTax401k                     -18500 IRAUSD
  Assets:US:Federal:PreTax401k                      18500 IRAUSD

2024-03-25 * "Filing taxes for 2023"
  Expenses:Taxes:Y2023:US:Federal                  487.71 USD
  Expenses:Taxes:Y2023:US:State                    290.95 USD
  Liabilities:AccountsPayable                     -778.66 USD

2024-03-26 * "STATE TAX & FINANC PYMT"
  Assets:US:BofA:Checking                         -290.95 USD
  Liabilities:AccountsPayable                      290.95 USD

2024-03-28 * "FEDERAL TAXPYMT"
  Assets:US:BofA:Checking                         -487.71 USD
  Liabilities:AccountsPayable                      487.71 USD



** Tax Year 2024

2024-01-01 open Expenses:Taxes:Y2024:US:Federal:PreTax401k      IRAUSD
2024-01-01 open Expenses:Taxes:Y2024:US:Medicare                USD
2024-01-01 open Expenses:Taxes:Y2024:US:Federal                 USD
2024-01-01 open Expenses:Taxes:Y2024:US:CityNYC                 USD
2024-01-01 open Expenses:Taxes:Y2024:US:SDI                     USD
2024-01-01 open Expenses:Taxes:Y2024:US:State                   USD
2024-01-01 open Expenses:Taxes:Y2024:US:SocSec                  USD

2024-01-01 balance Assets:US:Federal:PreTax401k         0 IRAUSD

2024-01-01 * "Allowed contributions for one year"
  Income:US:Federal:PreTax401k                     -18500 IRAUSD
  Assets:US:Federal:PreTax401k                      18500 IRAUSD

2025-03-21 * "Filing taxes for 2024"
  Expenses:Taxes:Y2024:US:Federal                  578.46 USD
  Expenses:Taxes:Y2024:US:State                    363.63 USD
  Liabilities:AccountsPayable                     -942.09 USD

2025-03-22 * "FEDERAL TAXPYMT"
  Assets:US:BofA:Checking                         -578.46 USD
  Liabilities:AccountsPayable                      578.46 USD

2025-03-25 * "STATE TAX & FINANC PYMT"
  Assets:US:BofA:Checking                         -363.63 USD
  Liabilities:AccountsPayable                      363.63 USD



** Tax Year 2025

2025-01-01 open Expenses:Taxes:Y2025:US:Federal:PreTax401k      IRAUSD
2025-01-01 open Expenses:Taxes:Y2025:US:Medicare                USD
2025-01-01 open Expenses:Taxes:Y2025:US:Federal                 USD
2025-01-01 open Expenses:Taxes:Y2025:US:CityNYC                 USD
2025-01-01 open Expenses:Taxes:Y2025:US:SDI                     USD
2025-01-01 open Expenses:Taxes:Y2025:US:State                   USD
2025-01-01 open Expenses:Taxes:Y2025:US:SocSec                  USD

2025-01-01 balance Assets:US:Federal:PreTax401k         0 IRAUSD

2025-01-01 * "Allowed contributions for one year"
  Income:US:Federal:PreTax401k                     -18500 IRAUSD
  Assets:US:Federal:PreTax401k                      18500 IRAUSD



* Expenses

1980-05-12 open Expenses:Food:Groceries
1980-05-12 open Expenses:Food:Restaurant
1980-05-12 open Expenses:Food:Coffee
1980-05-12 open Expenses:Food:Alcohol
1980-05-12 open Expenses:Transport:Tram
1980-05-12 open Expenses:Home:Rent
1980-05-12 open Expenses:Home:Electricity
1980-05-12 open Expenses:Home:Internet
1980-05-12 open Expenses:Home:Phone
1980-05-12 open Expenses:Financial:Fees
1980-05-12 open Expenses:Financial:Commissions



* Prices

2023-01-06 price VBMPX                              43.61 USD
2023-01-06 price RGAGX                             189.58 USD
2023-01-06 price ITOT                               60.20 USD
2023-01-06 price VEA                                86.10 USD
2023-01-06 price VHT                               172.20 USD
2023-01-06 price GLD                                75.81 USD
2023-01-13 price VBMPX                              44.05 USD
2023-01-13 price RGAGX                             188.01 USD
2023-01-13 price ITOT                               58.32 USD
2023-01-13 price VEA                                85.89 USD
2023-01-13 price VHT                               176.10 USD
2023-01-13 price GLD                                76.16 USD
2023-01-20 price VBMPX                              44.35 USD
2023-01-20 price RGAGX                             187.46 USD
2023-01-20 price ITOT                               57.17 USD
2023-01-20 price VEA                                84.79 USD
2023-01-20 price VHT                               174.81 USD
2023-01-20 price GLD                                76.06 USD
2023-01-27 price VBMPX                              43.77 USD
2023-01-27 price RGAGX                             187.70 USD
2023-01-27 price ITOT                               56.68 USD
2023-01-27 price VEA                                86.34 USD
2023-01-27 price VHT                               172.63 USD
2023-01-27 price GLD                                76.25 USD
2023-02-03 price VBMPX                              44.48 USD
2023-02-03 price RGAGX                             186.66 USD
2023-02-03 price ITOT                               55.66 USD
2023-02-03 price VEA                                87.76 USD
2023-02-03 price VHT                               174.46 USD
2023-02-03 price GLD                                76.61 USD
2023-02-10 price VBMPX                              43.64 USD
2023-02-10 price RGAGX                             189.19 USD
2023-02-10 price ITOT                               56.03 USD
2023-02-10 price VEA                                89.20 USD
2023-02-10 price VHT                               174.83 USD
2023-02-10 price GLD                                77.50 USD
2023-02-17 price VBMPX                              42.90 USD
2023-02-17 price RGAGX                             186.61 USD
2023-02-17 price ITOT                               56.39 USD
2023-02-17 price VEA                                90.27 USD
2023-02-17 price VHT                               174.46 USD
2023-02-17 price GLD                                77.86 USD
2023-02-24 price VBMPX                              44.74 USD
2023-02-24 price RGAGX                             189.14 USD
2023-02-24 price ITOT                               55.77 USD
2023-02-24 price VEA                                90.36 USD
2023-02-24 price VHT                               171.14 USD
2023-02-24 price GLD                                77.10 USD
2023-03-03 price VBMPX                              44.47 USD
2023-03-03 price RGAGX                             189.51 USD
2023-03-03 price ITOT                               54.96 USD
2023-03-03 price VEA                                90.31 USD
2023-03-03 price VHT                               171.77 USD
2023-03-03 price GLD                                77.81 USD
2023-03-10 price VBMPX                              44.78 USD
2023-03-10 price RGAGX                             189.79 USD
2023-03-10 price ITOT                               54.83 USD
2023-03-10 price VEA                                90.52 USD
2023-03-10 price VHT                               171.16 USD
2023-03-10 price GLD                                78.25 USD
2023-03-17 price VBMPX                              46.76 USD
2023-03-17 price RGAGX                             194.08 USD
2023-03-17 price ITOT                               53.69 USD
2023-03-17 price VEA                                90.90 USD
2023-03-17 price VHT                               173.94 USD
2023-03-17 price GLD                                79.14 USD
2023-03-24 price VBMPX                              46.16 USD
2023-03-24 price RGAGX                             193.02 USD
2023-03-24 price ITOT                               52.64 USD
2023-03-24 price VEA                                91.34 USD
2023-03-24 price VHT                               176.18 USD
2023-03-24 price GLD                                78.69 USD
2023-03-31 price VBMPX                              44.89 USD
2023-03-31 price RGAGX                             193.52 USD
2023-03-31 price ITOT                               53.18 USD
2023-03-31 price VEA                                91.01 USD
2023-03-31 price VHT                               177.64 USD
2023-03-31 price GLD                                78.48 USD
2023-04-07 price VBMPX                              44.84 USD
2023-04-07 price RGAGX                             195.92 USD
2023-04-07 price ITOT                               53.62 USD
2023-04-07 price VEA                                89.80 USD
2023-04-07 price VHT                               173.73 USD
2023-04-07 price GLD                                77.36 USD
2023-04-14 price VBMPX                              44.27 USD
2023-04-14 price RGAGX                             196.50 USD
2023-04-14 price ITOT                               54.05 USD
2023-04-14 price VEA                                90.40 USD
2023-04-14 price VHT                               177.51 USD
2023-04-14 price GLD                                76.94 USD
2023-04-21 price VBMPX                              44.60 USD
2023-04-21 price RGAGX                             194.06 USD
2023-04-21 price ITOT                               53.45 USD
2023-04-21 price VEA                                90.69 USD
2023-04-21 price VHT                               179.40 USD
2023-04-21 price GLD                                76.73 USD
2023-04-28 price VBMPX                              44.34 USD
2023-04-28 price RGAGX                             192.78 USD
2023-04-28 price ITOT                               53.63 USD
2023-04-28 price VEA                                90.78 USD
2023-04-28 price VHT                               179.02 USD
2023-04-28 price GLD                                77.25 USD
2023-05-05 price VBMPX                              45.58 USD
2023-05-05 price RGAGX                             191.14 USD
2023-05-05 price ITOT                               53.13 USD
2023-05-05 price VEA                                90.81 USD
2023-05-05 price VHT                               182.88 USD
2023-05-05 price GLD                                77.24 USD
2023-05-12 price VBMPX                              46.08 USD
2023-05-12 price RGAGX                             187.52 USD
2023-05-12 price ITOT                               53.30 USD
2023-05-12 price VEA                                90.71 USD
2023-05-12 price VHT                               184.08 USD
2023-05-12 price GLD                                77.73 USD
2023-05-19 price VBMPX                              46.77 USD
2023-05-19 price RGAGX                             185.45 USD
2023-05-19 price ITOT                               54.16 USD
2023-05-19 price VEA                                91.26 USD
2023-05-19 price VHT                               184.71 USD
2023-05-19 price GLD                                78.25 USD
2023-05-26 price VBMPX                              46.42 USD
2023-05-26 price RGAGX                             187.17 USD
2023-05-26 price ITOT                               54.88 USD
2023-05-26 price VEA                                91.82 USD
2023-05-26 price VHT                               188.82 USD
2023-05-26 price GLD                                77.15 USD
2023-06-02 price VBMPX                              47.29 USD
2023-06-02 price RGAGX                             183.73 USD
2023-06-02 price ITOT                               55.23 USD
2023-06-02 price VEA                                91.89 USD
2023-06-02 price VHT                               186.94 USD
2023-06-02 price GLD                                77.90 USD
2023-06-09 price VBMPX                              48.00 USD
2023-06-09 price RGAGX                             182.08 USD
2023-06-09 price ITOT                               55.32 USD
2023-06-09 price VEA                                91.88 USD
2023-06-09 price VHT                               185.26 USD
2023-06-09 price GLD                                78.50 USD
2023-06-16 price VBMPX                              48.97 USD
2023-06-16 price RGAGX                             183.47 USD
2023-06-16 price ITOT                               55.20 USD
2023-06-16 price VEA                                93.37 USD
2023-06-16 price VHT                               186.09 USD
2023-06-16 price GLD                                77.26 USD
2023-06-23 price VBMPX                              48.39 USD
2023-06-23 price RGAGX                             181.81 USD
2023-06-23 price ITOT                               55.99 USD
2023-06-23 price VEA                                91.49 USD
2023-06-23 price VHT                               188.12 USD
2023-06-23 price GLD                                79.19 USD
2023-06-30 price VBMPX                              48.24 USD
2023-06-30 price RGAGX                             182.48 USD
2023-06-30 price ITOT                               56.49 USD
2023-06-30 price VEA                                91.77 USD
2023-06-30 price VHT                               187.47 USD
2023-06-30 price GLD                                80.93 USD
2023-07-07 price VBMPX                              48.22 USD
2023-07-07 price RGAGX                             183.02 USD
2023-07-07 price ITOT                               55.30 USD
2023-07-07 price VEA                                92.53 USD
2023-07-07 price VHT                               191.03 USD
2023-07-07 price GLD                                79.75 USD
2023-07-14 price VBMPX                              48.38 USD
2023-07-14 price RGAGX                             184.59 USD
2023-07-14 price ITOT                               55.90 USD
2023-07-14 price VEA                                92.85 USD
2023-07-14 price VHT                               189.89 USD
2023-07-14 price GLD                                79.52 USD
2023-07-21 price VBMPX                              48.99 USD
2023-07-21 price RGAGX                             183.31 USD
2023-07-21 price ITOT                               55.67 USD
2023-07-21 price VEA                                93.66 USD
2023-07-21 price VHT                               191.21 USD
2023-07-21 price GLD                                78.17 USD
2023-07-28 price VBMPX                              50.50 USD
2023-07-28 price RGAGX                             182.65 USD
2023-07-28 price ITOT                               56.01 USD
2023-07-28 price VEA                                93.55 USD
2023-07-28 price VHT                               190.96 USD
2023-07-28 price GLD                                78.54 USD
2023-08-04 price VBMPX                              51.00 USD
2023-08-04 price RGAGX                             180.08 USD
2023-08-04 price ITOT                               56.87 USD
2023-08-04 price VEA                                93.14 USD
2023-08-04 price VHT                               191.99 USD
2023-08-04 price GLD                                78.21 USD
2023-08-11 price VBMPX                              52.18 USD
2023-08-11 price RGAGX                             181.25 USD
2023-08-11 price ITOT                               57.14 USD
2023-08-11 price VEA                                93.78 USD
2023-08-11 price VHT                               190.41 USD
2023-08-11 price GLD                                78.93 USD
2023-08-18 price VBMPX                              51.14 USD
2023-08-18 price RGAGX                             176.53 USD
2023-08-18 price ITOT                               56.88 USD
2023-08-18 price VEA                                94.06 USD
2023-08-18 price VHT                               191.14 USD
2023-08-18 price GLD                                79.46 USD
2023-08-25 price VBMPX                              50.79 USD
2023-08-25 price RGAGX                             176.66 USD
2023-08-25 price ITOT                               57.60 USD
2023-08-25 price VEA                                93.76 USD
2023-08-25 price VHT                               193.21 USD
2023-08-25 price GLD                                80.58 USD
2023-09-01 price VBMPX                              52.57 USD
2023-09-01 price RGAGX                             175.94 USD
2023-09-01 price ITOT                               57.39 USD
2023-09-01 price VEA                                93.69 USD
2023-09-01 price VHT                               195.34 USD
2023-09-01 price GLD                                81.14 USD
2023-09-08 price VBMPX                              52.57 USD
2023-09-08 price RGAGX                             178.97 USD
2023-09-08 price ITOT                               57.49 USD
2023-09-08 price VEA                                95.76 USD
2023-09-08 price VHT                               198.04 USD
2023-09-08 price GLD                                81.67 USD
2023-09-15 price VBMPX                              53.89 USD
2023-09-15 price RGAGX                             178.69 USD
2023-09-15 price ITOT                               56.45 USD
2023-09-15 price VEA                                95.69 USD
2023-09-15 price VHT                               203.22 USD
2023-09-15 price GLD                                82.31 USD
2023-09-22 price VBMPX                              52.88 USD
2023-09-22 price RGAGX                             177.97 USD
2023-09-22 price ITOT                               54.61 USD
2023-09-22 price VEA                                95.60 USD
2023-09-22 price VHT                               204.54 USD
2023-09-22 price GLD                                82.89 USD
2023-09-29 price VBMPX                              55.20 USD
2023-09-29 price RGAGX                             180.27 USD
2023-09-29 price ITOT                               55.11 USD
2023-09-29 price VEA                                95.58 USD
2023-09-29 price VHT                               205.36 USD
2023-09-29 price GLD                                81.37 USD
2023-10-06 price VBMPX                              57.23 USD
2023-10-06 price RGAGX                             179.17 USD
2023-10-06 price ITOT                               54.68 USD
2023-10-06 price VEA                                97.44 USD
2023-10-06 price VHT                               203.23 USD
2023-10-06 price GLD                                81.76 USD
2023-10-13 price VBMPX                              55.34 USD
2023-10-13 price RGAGX                             180.77 USD
2023-10-13 price ITOT                               54.20 USD
2023-10-13 price VEA                                95.75 USD
2023-10-13 price VHT                               200.22 USD
2023-10-13 price GLD                                81.03 USD
2023-10-20 price VBMPX                              56.59 USD
2023-10-20 price RGAGX                             181.71 USD
2023-10-20 price ITOT                               54.42 USD
2023-10-20 price VEA                                95.05 USD
2023-10-20 price VHT                               199.12 USD
2023-10-20 price GLD                                81.98 USD
2023-10-27 price VBMPX                              57.08 USD
2023-10-27 price RGAGX                             180.59 USD
2023-10-27 price ITOT                               54.39 USD
2023-10-27 price VEA                                96.13 USD
2023-10-27 price VHT                               198.95 USD
2023-10-27 price GLD                                83.34 USD
2023-11-03 price VBMPX                              56.58 USD
2023-11-03 price RGAGX                             179.17 USD
2023-11-03 price ITOT                               53.34 USD
2023-11-03 price VEA                                94.89 USD
2023-11-03 price VHT                               201.01 USD
2023-11-03 price GLD                                82.87 USD
2023-11-10 price VBMPX                              53.60 USD
2023-11-10 price RGAGX                             177.85 USD
2023-11-10 price ITOT                               53.95 USD
2023-11-10 price VEA                                94.63 USD
2023-11-10 price VHT                               200.08 USD
2023-11-10 price GLD                                81.26 USD
2023-11-17 price VBMPX                              55.64 USD
2023-11-17 price RGAGX                             181.72 USD
2023-11-17 price ITOT                               54.16 USD
2023-11-17 price VEA                                93.78 USD
2023-11-17 price VHT                               202.45 USD
2023-11-17 price GLD                                79.15 USD
2023-11-24 price VBMPX                              55.74 USD
2023-11-24 price RGAGX                             181.86 USD
2023-11-24 price ITOT                               55.14 USD
2023-11-24 price VEA                                95.05 USD
2023-11-24 price VHT                               206.01 USD
2023-11-24 price GLD                                80.34 USD
2023-12-01 price VBMPX                              57.81 USD
2023-12-01 price RGAGX                             184.84 USD
2023-12-01 price ITOT                               55.42 USD
2023-12-01 price VEA                                95.47 USD
2023-12-01 price VHT                               209.08 USD
2023-12-01 price GLD                                81.88 USD
2023-12-08 price VBMPX                              57.39 USD
2023-12-08 price RGAGX                             185.55 USD
2023-12-08 price ITOT                               56.37 USD
2023-12-08 price VEA                                96.34 USD
2023-12-08 price VHT                               211.75 USD
2023-12-08 price GLD                                82.50 USD
2023-12-15 price VBMPX                              57.43 USD
2023-12-15 price RGAGX                             186.76 USD
2023-12-15 price ITOT                               55.58 USD
2023-12-15 price VEA                                96.95 USD
2023-12-15 price VHT                               210.64 USD
2023-12-15 price GLD                                82.75 USD
2023-12-22 price VBMPX                              56.87 USD
2023-12-22 price RGAGX                             186.25 USD
2023-12-22 price ITOT                               56.40 USD
2023-12-22 price VEA                                97.10 USD
2023-12-22 price VHT                               211.49 USD
2023-12-22 price GLD                                83.69 USD
2023-12-29 price VBMPX                              57.84 USD
2023-12-29 price RGAGX                             183.86 USD
2023-12-29 price ITOT                               57.30 USD
2023-12-29 price VEA                                96.35 USD
2023-12-29 price VHT                               208.78 USD
2023-12-29 price GLD                                83.46 USD
2024-01-05 price VBMPX                              57.49 USD
2024-01-05 price RGAGX                             188.19 USD
2024-01-05 price ITOT                               57.92 USD
2024-01-05 price VEA                                97.88 USD
2024-01-05 price VHT                               208.22 USD
2024-01-05 price GLD                                83.61 USD
2024-01-12 price VBMPX                              57.27 USD
2024-01-12 price RGAGX                             192.49 USD
2024-01-12 price ITOT                               57.73 USD
2024-01-12 price VEA                                99.14 USD
2024-01-12 price VHT                               209.02 USD
2024-01-12 price GLD                                84.01 USD
2024-01-19 price VBMPX                              56.31 USD
2024-01-19 price RGAGX                             195.99 USD
2024-01-19 price ITOT                               58.63 USD
2024-01-19 price VEA                               100.21 USD
2024-01-19 price VHT                               203.24 USD
2024-01-19 price GLD                                83.92 USD
2024-01-26 price VBMPX                              55.63 USD
2024-01-26 price RGAGX                             198.97 USD
2024-01-26 price ITOT                               57.95 USD
2024-01-26 price VEA                               100.02 USD
2024-01-26 price VHT                               204.45 USD
2024-01-26 price GLD                                84.65 USD
2024-02-02 price VBMPX                              57.04 USD
2024-02-02 price RGAGX                             197.46 USD
2024-02-02 price ITOT                               59.15 USD
2024-02-02 price VEA                                99.97 USD
2024-02-02 price VHT                               203.48 USD
2024-02-02 price GLD                                85.03 USD
2024-02-09 price VBMPX                              56.64 USD
2024-02-09 price RGAGX                             199.28 USD
2024-02-09 price ITOT                               60.42 USD
2024-02-09 price VEA                                99.79 USD
2024-02-09 price VHT                               204.13 USD
2024-02-09 price GLD                                86.21 USD
2024-02-16 price VBMPX                              58.07 USD
2024-02-16 price RGAGX                             197.20 USD
2024-02-16 price ITOT                               61.12 USD
2024-02-16 price VEA                               100.63 USD
2024-02-16 price VHT                               202.96 USD
2024-02-16 price GLD                                86.81 USD
2024-02-23 price VBMPX                              58.59 USD
2024-02-23 price RGAGX                             199.04 USD
2024-02-23 price ITOT                               60.01 USD
2024-02-23 price VEA                                99.32 USD
2024-02-23 price VHT                               205.49 USD
2024-02-23 price GLD                                86.05 USD
2024-03-01 price VBMPX                              58.19 USD
2024-03-01 price RGAGX                             198.46 USD
2024-03-01 price ITOT                               59.88 USD
2024-03-01 price VEA                                99.73 USD
2024-03-01 price VHT                               205.63 USD
2024-03-01 price GLD                                85.89 USD
2024-03-08 price VBMPX                              58.07 USD
2024-03-08 price RGAGX                             198.40 USD
2024-03-08 price ITOT                               60.51 USD
2024-03-08 price VEA                                99.54 USD
2024-03-08 price VHT                               203.00 USD
2024-03-08 price GLD                                86.55 USD
2024-03-15 price VBMPX                              58.35 USD
2024-03-15 price RGAGX                             204.71 USD
2024-03-15 price ITOT                               60.20 USD
2024-03-15 price VEA                                99.91 USD
2024-03-15 price VHT                               201.45 USD
2024-03-15 price GLD                                86.23 USD
2024-03-22 price VBMPX                              56.53 USD
2024-03-22 price RGAGX                             200.99 USD
2024-03-22 price ITOT                               60.10 USD
2024-03-22 price VEA                                99.15 USD
2024-03-22 price VHT                               201.64 USD
2024-03-22 price GLD                                86.50 USD
2024-03-29 price VBMPX                              55.79 USD
2024-03-29 price RGAGX                             198.34 USD
2024-03-29 price ITOT                               60.32 USD
2024-03-29 price VEA                                99.79 USD
2024-03-29 price VHT                               206.11 USD
2024-03-29 price GLD                                85.05 USD
2024-04-05 price VBMPX                              56.57 USD
2024-04-05 price RGAGX                             200.74 USD
2024-04-05 price ITOT                               58.03 USD
2024-04-05 price VEA                               100.71 USD
2024-04-05 price VHT                               212.05 USD
2024-04-05 price GLD                                84.86 USD
2024-04-12 price VBMPX                              57.32 USD
2024-04-12 price RGAGX                             204.72 USD
2024-04-12 price ITOT                               57.10 USD
2024-04-12 price VEA                               101.57 USD
2024-04-12 price VHT                               210.79 USD
2024-04-12 price GLD                                83.51 USD
2024-04-19 price VBMPX                              57.70 USD
2024-04-19 price RGAGX                             202.81 USD
2024-04-19 price ITOT                               56.00 USD
2024-04-19 price VEA                               103.24 USD
2024-04-19 price VHT                               209.46 USD
2024-04-19 price GLD                                84.43 USD
2024-04-26 price VBMPX                              58.23 USD
2024-04-26 price RGAGX                             202.98 USD
2024-04-26 price ITOT                               56.02 USD
2024-04-26 price VEA                               101.67 USD
2024-04-26 price VHT                               213.24 USD
2024-04-26 price GLD                                83.39 USD
2024-05-03 price VBMPX                              59.05 USD
2024-05-03 price RGAGX                             205.71 USD
2024-05-03 price ITOT                               56.05 USD
2024-05-03 price VEA                               102.65 USD
2024-05-03 price VHT                               217.92 USD
2024-05-03 price GLD                                83.32 USD
2024-05-10 price VBMPX                              58.09 USD
2024-05-10 price RGAGX                             207.96 USD
2024-05-10 price ITOT                               55.49 USD
2024-05-10 price VEA                               103.03 USD
2024-05-10 price VHT                               215.67 USD
2024-05-10 price GLD                                82.47 USD
2024-05-17 price VBMPX                              59.98 USD
2024-05-17 price RGAGX                             207.39 USD
2024-05-17 price ITOT                               54.97 USD
2024-05-17 price VEA                               104.40 USD
2024-05-17 price VHT                               216.48 USD
2024-05-17 price GLD                                84.10 USD
2024-05-24 price VBMPX                              57.32 USD
2024-05-24 price RGAGX                             212.33 USD
2024-05-24 price ITOT                               54.88 USD
2024-05-24 price VEA                               103.74 USD
2024-05-24 price VHT                               216.44 USD
2024-05-24 price GLD                                83.89 USD
2024-05-31 price VBMPX                              58.10 USD
2024-05-31 price RGAGX                             211.42 USD
2024-05-31 price ITOT                               53.71 USD
2024-05-31 price VEA                               103.39 USD
2024-05-31 price VHT                               216.16 USD
2024-05-31 price GLD                                83.33 USD
2024-06-07 price VBMPX                              60.31 USD
2024-06-07 price RGAGX                             214.60 USD
2024-06-07 price ITOT                               54.70 USD
2024-06-07 price VEA                               102.80 USD
2024-06-07 price VHT                               215.31 USD
2024-06-07 price GLD                                84.39 USD
2024-06-14 price VBMPX                              59.67 USD
2024-06-14 price RGAGX                             215.32 USD
2024-06-14 price ITOT                               54.30 USD
2024-06-14 price VEA                               102.29 USD
2024-06-14 price VHT                               214.57 USD
2024-06-14 price GLD                                84.47 USD
2024-06-21 price VBMPX                              57.92 USD
2024-06-21 price RGAGX                             214.94 USD
2024-06-21 price ITOT                               54.71 USD
2024-06-21 price VEA                               101.04 USD
2024-06-21 price VHT                               214.96 USD
2024-06-21 price GLD                                83.85 USD
2024-06-28 price VBMPX                              57.70 USD
2024-06-28 price RGAGX                             216.39 USD
2024-06-28 price ITOT                               55.33 USD
2024-06-28 price VEA                               100.67 USD
2024-06-28 price VHT                               217.69 USD
2024-06-28 price GLD                                84.18 USD
2024-07-05 price VBMPX                              57.10 USD
2024-07-05 price RGAGX                             217.25 USD
2024-07-05 price ITOT                               56.28 USD
2024-07-05 price VEA                               101.19 USD
2024-07-05 price VHT                               216.27 USD
2024-07-05 price GLD                                84.44 USD
2024-07-12 price VBMPX                              56.69 USD
2024-07-12 price RGAGX                             219.93 USD
2024-07-12 price ITOT                               56.22 USD
2024-07-12 price VEA                               100.12 USD
2024-07-12 price VHT                               210.91 USD
2024-07-12 price GLD                                84.95 USD
2024-07-19 price VBMPX                              59.07 USD
2024-07-19 price RGAGX                             220.73 USD
2024-07-19 price ITOT                               54.74 USD
2024-07-19 price VEA                               100.41 USD
2024-07-19 price VHT                               212.14 USD
2024-07-19 price GLD                                86.90 USD
2024-07-26 price VBMPX                              57.87 USD
2024-07-26 price RGAGX                             222.57 USD
2024-07-26 price ITOT                               55.20 USD
2024-07-26 price VEA                               101.66 USD
2024-07-26 price VHT                               214.41 USD
2024-07-26 price GLD                                85.74 USD
2024-08-02 price VBMPX                              59.16 USD
2024-08-02 price RGAGX                             218.80 USD
2024-08-02 price ITOT                               54.96 USD
2024-08-02 price VEA                               101.82 USD
2024-08-02 price VHT                               213.93 USD
2024-08-02 price GLD                                84.64 USD
2024-08-09 price VBMPX                              58.07 USD
2024-08-09 price RGAGX                             215.37 USD
2024-08-09 price ITOT                               54.80 USD
2024-08-09 price VEA                               101.60 USD
2024-08-09 price VHT                               215.12 USD
2024-08-09 price GLD                                85.24 USD
2024-08-16 price VBMPX                              60.45 USD
2024-08-16 price RGAGX                             218.78 USD
2024-08-16 price ITOT                               54.60 USD
2024-08-16 price VEA                               100.79 USD
2024-08-16 price VHT                               215.96 USD
2024-08-16 price GLD                                85.52 USD
2024-08-23 price VBMPX                              60.15 USD
2024-08-23 price RGAGX                             221.64 USD
2024-08-23 price ITOT                               54.92 USD
2024-08-23 price VEA                               101.50 USD
2024-08-23 price VHT                               215.60 USD
2024-08-23 price GLD                                84.67 USD
2024-08-30 price VBMPX                              60.46 USD
2024-08-30 price RGAGX                             219.40 USD
2024-08-30 price ITOT                               55.66 USD
2024-08-30 price VEA                                99.85 USD
2024-08-30 price VHT                               214.98 USD
2024-08-30 price GLD                                84.19 USD
2024-09-06 price VBMPX                              58.96 USD
2024-09-06 price RGAGX                             219.03 USD
2024-09-06 price ITOT                               55.07 USD
2024-09-06 price VEA                               100.36 USD
2024-09-06 price VHT                               218.79 USD
2024-09-06 price GLD                                83.47 USD
2024-09-13 price VBMPX                              57.88 USD
2024-09-13 price RGAGX                             216.57 USD
2024-09-13 price ITOT                               55.08 USD
2024-09-13 price VEA                               100.94 USD
2024-09-13 price VHT                               222.48 USD
2024-09-13 price GLD                                83.29 USD
2024-09-20 price VBMPX                              58.56 USD
2024-09-20 price RGAGX                             219.13 USD
2024-09-20 price ITOT                               54.94 USD
2024-09-20 price VEA                               101.21 USD
2024-09-20 price VHT                               221.76 USD
2024-09-20 price GLD                                83.11 USD
2024-09-27 price VBMPX                              58.11 USD
2024-09-27 price RGAGX                             221.27 USD
2024-09-27 price ITOT                               55.06 USD
2024-09-27 price VEA                               102.28 USD
2024-09-27 price VHT                               219.48 USD
2024-09-27 price GLD                                83.69 USD
2024-10-04 price VBMPX                              57.18 USD
2024-10-04 price RGAGX                             220.50 USD
2024-10-04 price ITOT                               53.62 USD
2024-10-04 price VEA                               103.76 USD
2024-10-04 price VHT                               220.51 USD
2024-10-04 price GLD                                83.71 USD
2024-10-11 price VBMPX                              56.26 USD
2024-10-11 price RGAGX                             220.60 USD
2024-10-11 price ITOT                               54.05 USD
2024-10-11 price VEA                               103.84 USD
2024-10-11 price VHT                               223.27 USD
2024-10-11 price GLD                                85.57 USD
2024-10-18 price VBMPX                              55.63 USD
2024-10-18 price RGAGX                             222.88 USD
2024-10-18 price ITOT                               53.69 USD
2024-10-18 price VEA                               101.89 USD
2024-10-18 price VHT                               222.67 USD
2024-10-18 price GLD                                85.27 USD
2024-10-25 price VBMPX                              54.89 USD
2024-10-25 price RGAGX                             222.76 USD
2024-10-25 price ITOT                               53.91 USD
2024-10-25 price VEA                               101.24 USD
2024-10-25 price VHT                               224.73 USD
2024-10-25 price GLD                                86.81 USD
2024-11-01 price VBMPX                              56.55 USD
2024-11-01 price RGAGX                             220.52 USD
2024-11-01 price ITOT                               55.54 USD
2024-11-01 price VEA                                99.20 USD
2024-11-01 price VHT                               225.96 USD
2024-11-01 price GLD                                85.70 USD
2024-11-08 price VBMPX                              56.02 USD
2024-11-08 price RGAGX                             221.38 USD
2024-11-08 price ITOT                               56.61 USD
2024-11-08 price VEA                                99.71 USD
2024-11-08 price VHT                               227.45 USD
2024-11-08 price GLD                                84.96 USD
2024-11-15 price VBMPX                              57.61 USD
2024-11-15 price RGAGX                             220.55 USD
2024-11-15 price ITOT                               56.52 USD
2024-11-15 price VEA                               100.01 USD
2024-11-15 price VHT                               229.90 USD
2024-11-15 price GLD                                84.03 USD
2024-11-22 price VBMPX                              59.70 USD
2024-11-22 price RGAGX                             222.01 USD
2024-11-22 price ITOT                               56.13 USD
2024-11-22 price VEA                                99.77 USD
2024-11-22 price VHT                               233.66 USD
2024-11-22 price GLD                                84.01 USD
2024-11-29 price VBMPX                              61.10 USD
2024-11-29 price RGAGX                             223.99 USD
2024-11-29 price ITOT                               55.64 USD
2024-11-29 price VEA                               100.66 USD
2024-11-29 price VHT                               234.67 USD
2024-11-29 price GLD                                83.90 USD
2024-12-06 price VBMPX                              61.16 USD
2024-12-06 price RGAGX                             225.82 USD
2024-12-06 price ITOT                               55.94 USD
2024-12-06 price VEA                               100.28 USD
2024-12-06 price VHT                               233.28 USD
2024-12-06 price GLD                                83.18 USD
2024-12-13 price VBMPX                              60.50 USD
2024-12-13 price RGAGX                             226.69 USD
2024-12-13 price ITOT                               55.83 USD
2024-12-13 price VEA                               100.49 USD
2024-12-13 price VHT                               236.92 USD
2024-12-13 price GLD                                83.84 USD
2024-12-20 price VBMPX                              59.39 USD
2024-12-20 price RGAGX                             226.84 USD
2024-12-20 price ITOT                               55.82 USD
2024-12-20 price VEA                               101.40 USD
2024-12-20 price VHT                               231.26 USD
2024-12-20 price GLD                                84.78 USD
2024-12-27 price VBMPX                              60.44 USD
2024-12-27 price RGAGX                             225.90 USD
2024-12-27 price ITOT                               55.15 USD
2024-12-27 price VEA                               102.96 USD
2024-12-27 price VHT                               231.95 USD
2024-12-27 price GLD                                84.20 USD
2025-01-03 price VBMPX                              59.97 USD
2025-01-03 price RGAGX                             223.06 USD
2025-01-03 price ITOT                               55.00 USD
2025-01-03 price VEA                               102.50 USD
2025-01-03 price VHT                               228.57 USD
2025-01-03 price GLD                                85.88 USD
2025-01-10 price VBMPX                              60.60 USD
2025-01-10 price RGAGX                             223.31 USD
2025-01-10 price ITOT                               53.96 USD
2025-01-10 price VEA                               104.49 USD
2025-01-10 price VHT                               226.90 USD
2025-01-10 price GLD                                83.28 USD
2025-01-17 price VBMPX                              58.47 USD
2025-01-17 price RGAGX                             226.00 USD
2025-01-17 price ITOT                               54.65 USD
2025-01-17 price VEA                               103.83 USD
2025-01-17 price VHT                               225.46 USD
2025-01-17 price GLD                                83.62 USD
2025-01-24 price VBMPX                              57.79 USD
2025-01-24 price RGAGX                             222.85 USD
2025-01-24 price ITOT                               55.60 USD
2025-01-24 price VEA                               103.06 USD
2025-01-24 price VHT                               227.86 USD
2025-01-24 price GLD                                81.77 USD
2025-01-31 price VBMPX                              57.88 USD
2025-01-31 price RGAGX                             224.42 USD
2025-01-31 price ITOT                               55.96 USD
2025-01-31 price VEA                               102.65 USD
2025-01-31 price VHT                               227.59 USD
2025-01-31 price GLD                                83.66 USD
2025-02-07 price VBMPX                              57.83 USD
2025-02-07 price RGAGX                             222.10 USD
2025-02-07 price ITOT                               55.83 USD
2025-02-07 price VEA                               102.81 USD
2025-02-07 price VHT                               227.40 USD
2025-02-07 price GLD                                83.83 USD
2025-02-14 price VBMPX                              57.59 USD
2025-02-14 price RGAGX                             222.72 USD
2025-02-14 price ITOT                               54.56 USD
2025-02-14 price VEA                               104.71 USD
2025-02-14 price VHT                               225.80 USD
2025-02-14 price GLD                                83.60 USD
2025-02-21 price VBMPX                              55.91 USD
2025-02-21 price RGAGX                             228.36 USD
2025-02-21 price ITOT                               54.24 USD
2025-02-21 price VEA                               105.72 USD
2025-02-21 price VHT                               222.31 USD
2025-02-21 price GLD                                83.71 USD
2025-02-28 price VBMPX                              55.68 USD
2025-02-28 price RGAGX                             226.55 USD
2025-02-28 price ITOT                               53.88 USD
2025-02-28 price VEA                               104.33 USD
2025-02-28 price VHT                               219.90 USD
2025-02-28 price GLD                                82.48 USD
2025-03-07 price VBMPX                              55.68 USD
2025-03-07 price RGAGX                             226.89 USD
2025-03-07 price ITOT                               53.71 USD
2025-03-07 price VEA                               104.87 USD
2025-03-07 price VHT                               225.09 USD
2025-03-07 price GLD                                82.32 USD
2025-03-14 price VBMPX                              58.35 USD
2025-03-14 price RGAGX                             230.83 USD
2025-03-14 price ITOT                               54.40 USD
2025-03-14 price VEA                               106.32 USD
2025-03-14 price VHT                               226.77 USD
2025-03-14 price GLD                                83.13 USD
2025-03-21 price VBMPX                              57.39 USD
2025-03-21 price RGAGX                             229.62 USD
2025-03-21 price ITOT                               54.65 USD
2025-03-21 price VEA                               106.50 USD
2025-03-21 price VHT                               224.85 USD
2025-03-21 price GLD                                83.52 USD
2025-03-28 price VBMPX                              56.16 USD
2025-03-28 price RGAGX                             231.28 USD
2025-03-28 price ITOT                               54.44 USD
2025-03-28 price VEA                               105.77 USD
2025-03-28 price VHT                               227.68 USD
2025-03-28 price GLD                                83.88 USD
2025-04-04 price VBMPX                              54.55 USD
2025-04-04 price RGAGX                             229.43 USD
2025-04-04 price ITOT                               54.84 USD
2025-04-04 price VEA                               105.84 USD
2025-04-04 price VHT                               228.63 USD
2025-04-04 price GLD                                85.19 USD
2025-04-11 price VBMPX                              55.44 USD
2025-04-11 price RGAGX                             230.44 USD
2025-04-11 price ITOT                               53.58 USD
2025-04-11 price VEA                               105.91 USD
2025-04-11 price VHT                               231.87 USD
2025-04-11 price GLD                                85.53 USD
2025-04-18 price VBMPX                              55.47 USD
2025-04-18 price RGAGX                             233.80 USD
2025-04-18 price ITOT                               52.95 USD
2025-04-18 price VEA                               106.28 USD
2025-04-18 price VHT                               229.17 USD
2025-04-18 price GLD                                85.70 USD
2025-04-25 price VBMPX                              55.35 USD
2025-04-25 price RGAGX                             226.01 USD
2025-04-25 price ITOT                               53.94 USD
2025-04-25 price VEA                               104.93 USD
2025-04-25 price VHT                               231.05 USD
2025-04-25 price GLD                                87.05 USD
2025-05-02 price VBMPX                              53.85 USD
2025-05-02 price RGAGX                             227.36 USD
2025-05-02 price ITOT                               54.18 USD
2025-05-02 price VEA                               105.10 USD
2025-05-02 price VHT                               233.17 USD
2025-05-02 price GLD                                87.88 USD



* Cash

